3226 5488
179 434 189 441 ·
234 404 297 469 290
669 399 815 466 PE‘th
845 400 1123 466 VALENTIAE

235 537 448 634 ὑπαρχόντων
472 540 641 630 γινομέναι
665 535 734 621 its,
768 539 889 605 idest.
927 541 1114 605 suntetiam
1136 541 1375 624 phantasiarum
1398 543 1534 625 emphases

199 632 204 639 ⁴
236 639 400 703 doneeab
422 657 463 702 eo
485 639 573 720 qrrod
594 647 661 712 est,
690 591 782 698 litint.
837 637 912 700 Non
935 636 1076 722 negarim
1098 648 1202 700 tamen
1224 638 1413 701 baccillum
1435 658 1536 700 seusun
1582 714 1583 717 Ἴ

235 721 379 808 mittere,
419 743 454 794 ut
481 730 677 816 significent,
716 729 895 811 phantasias
925 733 965 793 ab
998 751 1038 795 eo
1064 734 1151 815 quod
1172 743 1237 808 est,
1274 731 1413 817 proprio
1435 724 1537 794 nemim
1582 720 1583 789 Ῐ

191 842 194 847 ’
236 830 401 910 emphases
435 819 558 889 vocari.
615 826 794 908 Postquam
823 844 904 887 vero
933 825 1049 887 multae
1078 825 1206 909 generis
1228 824 1368 888 eiusdem
1392 826 1537 888 memoriae

236 922 464 996 convenerint,
504 919 692 1007 ἐμπειρίαν,
725 919 845 994 idest,
880 939 970 981 usum
992 917 1061 983 sive
1084 932 1182 983 artem
1204 920 1324 982 hahere'
1346 918 1473 1003 dicunt:
1504 931 1539 980 est

237 1017 320 1081 enim
342 1016 491 1105 ἐμπειρία
513 1010 550 1079 τὸ
574 1015 637 1080 τῶν
655 1007 813 1097 ὁμοειδῶν
833 1014 967 1097 puppim
983 1015 1137 1094 πλῆθος,
1173 1015 1290 1089 idest,
1320 1012 1449 1098 generis
1469 1012 1540 1074 ιιιιίιιι

220 1110 458 1177 ‘memoriarum
480 1107 629 1172 collectio
651 1106 718 1168 sive
741 1105 921 1170 multitudo.
981 1109 1080 1190 Apud
1104 1108 1315 1173 Ciceronem¹
1340 1107 1441 1170 Stoici
1460 1119 1540 1168 arten

237 1225 301 1268 non
332 1225 373 1267 ex
395 1224 456 1267 ιιιιιι
486 1214 539 1265 aut
570 1222 611 1265 ex
633 1202 773 1277 duabus,
808 1202 864 1263 aed
892 1221 933 1263 ex
956 1201 1062 1265 multis
1083 1203 1178 1266 animi
1199 1200 1462 1293 perceptionibus
1482 1220 1542 1262 eou-

235 1308 321 1360 stare
343 1297 463 1360 dicunt.

321 1394 373 1456 Ac
405 1400 565 1474 quotquot
596 1388 662 1452 sine
696 1400 763 1451 arte
791 1401 902 1453 nostra
927 1389 1059 1455 notitiae
1082 1412 1189 1453 rerum
1210 1403 1314 1455 mente
1336 1387 1540 1471 excipiuntur,

236 1492 392 1578 φυσικαὶ,
414 1485 447 1548 id
467 1497 538 1559 est,
570 1485 728 1547 naturales
751 1487 946 1561 vocantur²‚
970 1507 1093 1570 suoque
1115 1484 1241 1550 nomine
1264 1480 1458 1577 προλήψεις.
1497 1485 1583 1546 Est

235 1591 339 1644 aretem
359 1574 568 1687 πρόληψις”
552 1602 661 1644 erveta
681 1574 804 1669 φυσικὴ
827 1603 884 1649 ton
910 1575 1108 1657 καθόλου5,
1130 1579 1161 1642 id
1183 1591 1248 1653 est,
1276 1580 1390 1643 notitia
1414 1579 1542 1641 naturalis

159 1677 164 1687 '
234 1673 479 1748 universalium,
504 1673 556 1736 vel
578 1693 707 1778 eorum,
743 1672 877 1754 quaein
901 1693 1036 1758 genere,
1062 1674 1167 1736 autin
1191 1675 1373 1737 universum
1396 1673 1541 1743 dicnntnr;
1582 1664 1583 1751 l

235 1781 281 1832 ut
291 1769 403 1833 notitia
424 1767 582 1844 hominis,
617 1766 707 1850 equi,
731 1764 845 1841 bovis,
881 1767 961 1842 albi,
986 1767 1088 1852 nigri,
1113 1779 1177 1830 cet.
1222 1768 1312 1847 Quae
1334 1788 1419 1830 vero
1442 1778 1502 1827 arte
1520 1776 1542 1825 et

234 1862 340 1927 studio
364 1874 458 1946 atque
480 1860 643 1943 disciplina
667 1859 796 1923 notitiae
818 1874 1061 1943 comparantur,
1097 1868 1239 1949 τεχνικαὶ
1261 1859 1405 1940 ἔννοιαι,
1437 1858 1469 1920 id
1487 1843 1583 1932 othl
1582 1890 1583 1949 1

171 1960 174 1970 “
235 1956 426 2020 artificiosae
455 1955 586 2021 notitiae
615 1965 707 2028 sunt,
742 1974 800 2016 nec
828 1955 964 2036 proprio
988 1955 1114 2020 nomine
1141 1955 1397 2040 insigniuntur.
1422 1951 1541 2017 Cicero⁴
1582 1994 1583 2027 ι

234 2050 362 2128 dovorae
385 2063 416 2113 et
434 2043 625 2141 προλήψεις
648 2067 711 2108 non
732 2045 916 2151 distinguit,
951 2052 1093 2113 seduno
1116 2051 1277 2113 vocabulo
1299 2048 1430 2113 notitias
1452 2044 1541 2110 vertit.
1582 2044 1583 2075 r

307 2139 452 2229 Adpoc⁵
462 2187 473 2218 ,
502 2143 623 2217 idest,
653 2139 736 2204 ratio
760 2139 850 2222 ipsa,
875 2155 1135 2299 propterquam
1160 2142 1306 2207 homines
1327 2142 1463 2205 rationis
1484 2161 1543 2222 par·

166 2222 197 2253 ⁷
233 2240 344 2322 ticipes
367 2260 435 2301 esse
467 2238 633 2317 dicuntur,
665 2238 700 2300 ἐκ
723 2236 786 2300 τῶν
802 2232 1023 2341 προλήψεων,
1057 2237 1090 2299 id
1112 2248 1178 2311 est,
1215 2258 1256 2299 ex
1278 2235 1477 2298 naturalibus
1495 2231 1541 2295 illis
1582 2304 1583 2311 ρ

235 2333 498 2417 praenotionibus
528 2342 623 2413 atque
652 2328 773 2392 notitiis
801 2328 832 2391 in
861 2330 966 2394 auimo
990 2330 1133 2396 collectis
1156 2314 1391 2420 conficiatque
1415 2348 1541 2392 consun-

235 2427 315 2492 mari
347 2435 561 2508 constareque
594 2423 720 2485 dicitur.
787 2423 884 2503 erod
921 2425 1025 2506 primo
1065 2424 1176 2487 aetatis
1209 2424 1392 2506 septenario
1439 2416 1542 2484 absolvi

237 2520 343 2584 solere
365 2530 489 2602 putant.
533 2517 602 2580 Iam
622 2517 703 2580 enim
725 2537 765 2580 eo
788 2524 931 2600 tempore
947 2520 1142 2582 diversarum
1158 2539 1264 2581 rernm
1280 2517 1466 2582 notionibus
1481 2535 1541 2576 con·

236 2612 404 2690 sideratis,
437 2611 609 2695 alterisque
642 2614 683 2674 ad
705 2612 1036 2695 alterascomparatis
1071 2626 1165 2696 atque
1201 2613 1333 2676 invicem
1356 2608 1539 2693 compositis,

126 2728 131 2733 ·
234 2707 376 2770 rationes
399 2718 430 2769 et
448 2706 737 2791 argumentationes
759 2719 945 2770 construere
964 2718 995 2769 et
1016 2707 1157 2770 indicare
1182 2707 1323 2770 homiues
1346 2707 1465 2770 valent.

321 2799 526 2866 Criterium'
517 2800 617 2886 igitur
639 2801 782 2864 veritatis
798 2803 890 2865 Zeno
913 2813 944 2865 et
967 2800 1149 2865 Stoicorum
1169 2800 1268 2867 maior
1286 2821 1362 2881 pars
1385 2797 1541 2881 τὴνκατα-

234 2891 392 2976 ληπτικὴν
410 2896 619 2987 φαντασίαν,
642 2893 675 2957 id
697 2906 763 2969 est,
789 2896 940 2961 visionem
960 2895 1253 2977 comprehensivam
1275 2916 1333 2957 seu
1346 2827 1541 2974 conlprehen-

217 2991 380 3064 'dentem,
405 3010 476 3051 esse
498 2991 719 3051 decreverunt.
766 2988 865 3054 Cuius
888 2988 1068 3070 phantasiae
1088 2989 1229 3051 delinitio
1249 2988 1397 3069 superius
1424 3008 1442 3049 a
1466 2976 1540 3045 hobis

237 3084 361 3145 Graece
375 3083 526 3156 recitata
551 3082 596 3144 sic
612 3083 690 3148 aM.
705 3083 812 3147 Tullio
828 3082 952 3146 Latmis
967 3081 1073 3146 verbis
1089 3082 1252 3145 redditur.
1279 3082 1429 3147 Veserm
1416 3095 1540 3163 impres

235 3198 313 3241 snm
341 3175 562 3275 effictumque
594 3199 642 3239 ex
669 3178 828 3262 eoquod
859 3188 930 3250 est,
965 3179 1064 3284 qnnle
1092 3198 1168 3239 esse
1200 3197 1269 3243 non
1296 3187 1416 3259 potest
1444 3195 1487 3237 ex
1510 3188 1540 3231 eo

235 3272 329 3356 qnod
350 3293 419 3336 non
439 3272 524 3335 estl.
569 3272 621 3335 Ac
643 3271 750 3337 neseio
780 3295 842 3357 qua
864 3272 988 3335 ratione
1009 3272 1041 3335 in
1071 3269 1290 3334 translatione
1298 3274 1358 3333 hac
1382 3270 1480 3333 verba
1500 3263 1540 3325 illa

235 3365 429 3430 delinitionis
456 3362 541 3431 κατὰ
564 3361 647 3432 αὐτὸ
666 3363 704 3431 τὸ
725 3357 889 3454 ὕπαρχον,
925 3365 1045 3441 idest,
1085 3365 1165 3428 sicut
1185 3376 1233 3427 est
1254 3365 1356 3470 ipsum
1379 3364 1467 3447 quod
1486 3367 1552 3463 ιιι..
1582 3436 1583 3441 ¹

127 3506 133 3527 .
237 3461 357 3523 omissa
379 3458 459 3536 sint,
499 3480 613 3541 quum,
646 3459 692 3522 nti
714 3480 755 3522 ex
784 3458 896 3522 Sexti⁷
919 3458 1130 3542 explicatione
1160 3457 1200 3537 (is
1231 3457 1312 3520 enim
1344 3454 1539 3520 definitionem

236 3551 327 3616 istam
353 3553 415 3616 late
432 3553 657 3635 prosequitur,
693 3553 943 3638 singulasque
916 3575 982 3617 erus
1000 3565 1107 3636 partes
1125 3550 1373 3632 interpretatur.
1366 3552 1390 3631 ·)
1413 3553 1537 3630 apparet,

236 3645 412 3709 necessaria
433 3644 562 3709 omniuo
586 3646 763 3709 videantur.
810 3648 975 3730 Namque,
1001 3659 1035 3710 ut
1055 3644 1138 3709 visio
1158 3645 1263 3729 aliqua
1287 3641 1537 3738 comprehendens

233 3738 496 3814 dirimerentur,
527 3750 560 3801 et
580 3741 619 3801 ab
645 3760 685 3803 eo
708 3742 795 3822 quod
816 3751 883 3816 est,
914 3739 1101 3822 proveniat,
1134 3749 1280 3820 oportet,
1305 3749 1337 3800 et
1355 3758 1423 3800 rem
1448 3725 1538 3796 itauti

237 3842 285 3894 est
316 3843 551 3913 repraesentet,
578 3831 795 3919 eiusmodique
824 3833 884 3911 sit,
921 3843 954 3896 nt
985 3834 1100 3900 falsum
1130 3834 1260 3918 aliquod
1287 3832 1390 3894 visum
1420 3828 1537 3894 eiusdem
1582 3864 1583 3873 ι

236 4018 356 4081 nullum
379 4017 566 4102 contingere
589 4032 694 4105 queat

166 4114 169 4120 ’
320 4111 457 4175 Aetatis
477 4125 563 4177 certe
585 4112 751 4196 phantasia
772 4136 886 4181 revera
909 4117 1183 4198 comprehendens
1202 4127 1234 4179 et
1255 4113 1308 4178 cui
1328 4133 1471 4179 assensus
1483 4108 1536 4170 iutt

70 3914 105 3974 ι’
180 3976 185 3989 ,
235 3924 360 3991 formae
384 3924 577 4030 omninoque
603 3925 793 3991 simillimum
821 3940 853 3991 et
872 3930 973 4013 ⁴quod
999 3928 1083 3991 nulla
1109 3932 1178 3990 arte
1198 3947 1215 3989 a
1237 3926 1535 3990 veroniseernnu,
1582 3918 1583 3945 ¹

236 4204 359 4286 optimo
383 4208 571 4287 deberetur,
609 4207 713 4286 foret,
751 4210 778 4273 si
792 4209 948 4317 quidem
958 4210 1113 4275 eiusmodi
1135 4211 1241 4293 aliqua
1273 4220 1383 4297 posset
1411 4196 1533 4286 reperiri
1582 4222 1583 4225 ¹

236 4302 310 4364 Nec
324 4300 416 4365 aliter
435 4301 643 4365 Academici'
634 4303 695 4383 ipsi
711 4317 851 4380 censent,
876 4304 930 4389 qni
949 4305 1027 4368 mire
1050 4303 1288 4368 definitionem
1279 4322 1380 4384 ipsam
1399 4307 1535 4364 commen·

231 4396 309 4458 dant
337 4406 369 4457 et
394 4396 605 4477 acatalepsiae
631 4396 838 4462 fundamento
869 4400 1033 4462 utuntur⁸.
1090 4398 1161 4462 Nisi
1190 4400 1277 4480 quod
1310 4396 1411 4459 Stoici
1445 4389 1533 4455 utilio

186 4548 191 4557 1
230 4487 387 4555 eiusmodi
414 4489 553 4554 visiones
579 4512 650 4554 esse
680 4491 886 4574 pertinaciter
915 4503 1124 4569 asseverant,
1170 4489 1356 4571 Academici
1379 4510 1435 4552 nec
1460 4497 1532 4545 unattt

231 4629 1532 4666 Μ

305 4734 374 4808 (5)
364 4755 395 4789 ιιι
414 4735 585 4792 LuculloC
604 4741 630 4795 7
680 4737 717 4806 (5)
738 4737 911 4793 Plutarchus
922 4737 956 4792 de
975 4739 1086 4812 placitis
1108 4737 1176 4811 phil.
1198 4741 1233 4803 [1,
1256 4745 1300 4796 11.
1349 4734 1387 4806 (³)
1416 4736 1493 4788 Lae'rt.
1508 4728 1531 4776 in

47 4774 103 4862 1³3³ss
150 4868 156 4873 1
187 4828 190 4835 ·
228 4808 394 4866 zenoneL
415 4815 447 4877 7
467 4816 513 4869 51,
566 4811 603 4880 (4)
623 4817 654 4865 in
672 4813 843 4869 LuculloC
866 4821 892 4874 7.
912 4831 940 4868 et
960 4822 1004 4872 1ο.
1043 4813 1080 4883 (5)
1103 4777 1244 4867 Plutarch
1265 4811 1298 4868 de
1318 4813 1390 4886 plac
1409 4813 1427 4866 l.
1446 4813 1538 4871 515515

154 4927 158 4931 .
227 4890 272 4942 11.
294 4903 321 4938 et
344 4886 422 4955 Philo
442 4891 472 4940 tn
491 4902 562 4941 sacr.
583 4886 636 4960 leg.
656 4887 770 4962 allegor.
789 4906 852 4962 post
873 4892 1024 4944 exabemer.
1045 4909 1072 4962 p.
1094 4893 1139 4947 412.
1159 4893 1205 4948 65.
1244 4888 1280 4957 (5)
1302 4909 1332 4943 ιιι
1346 4876 1556 4942 Lucullocla

159 4992 162 4999 =
226 4959 263 5033 (⁷)
283 4958 334 5013 lib.
356 4944 592 5036 auvldnciptc.
613 4963 647 5016 de
667 4969 793 5019 criterio.
831 4966 926 5034 (³)1).
947 4967 1063 5038 August.
1084 4963 1321 5019 concrescant.
1343 4970 1369 5020 2.
1389 4966 1455 5021 o.5

1017 5074 1031 5107 Κ
