3288 5490
96 1929 137 1955 -.
212 1973 298 2016 sitm.
363 2010 365 2017 .

104 349 108 361 ⁸
209 396 250 461 to
485 368 879 477 aeaouulcou'uu
900 379 1252 457 rosrnmouunt

208 547 241 603 et
253 527 360 622 'quum
383 532 431 602 sle
456 535 543 604 ultro
566 535 715 622 citroque
736 544 908 610 versetur,
933 540 965 596 et
987 530 1150 597 materiam
1171 531 1274 615 ipsam
1296 542 1399 599 totam
1419 532 1545 618 pe'uitus

212 629 403 696 commutari
437 640 570 713 putant,
606 641 639 692 et
670 630 744 693 illa¹
777 628 878 705 effici,
908 649 991 713 quae
1014 627 1175 709 appellant
1196 627 1379 712 quatiere
1402 630 1544 714 quibus,

210 722 347 791 ‘omni’
371 734 483 788 natrrra
503 725 693 788 cohaerente
708 734 741 788 et
758 725 960 798 continuata,
984 742 1056 784 cum
1070 721 1215 786 omnibus
1229 721 1296 797 siris
1307 724 1454 804 partibus
1465 728 1547 789 effe·

182 856 184 863 >
209 831 297 884 ctum
320 821 579 895 essessmundum3
602 830 696 883 extra
717 839 810 904 quem
832 817 917 881 nulla
931 837 1006 900 pars
1020 815 1173 879 materiae
1187 815 1247 892 sit,
1270 817 1458 904 nullumque
1473 841 1547 885 cor·

208 925 293 1000 pus':
318 923 426 996 partes
450 912 683 976 autemmundi
702 914 792 977 esse³
814 912 944 988 omnia,
968 931 1051 997 quae
1074 909 1169 974 insint
1190 909 1224 973 in
1246 931 1306 986 eo;
1330 933 1412 997 quae
1433 924 1546 979 natura

150 1084 156 1089 ¹
210 1008 366 1093 sentiente
389 1007 573 1085 teneantur3
601 1008 720 1095 inqua
740 1007 825 1072 ratio
846 1002 992 1090 perfecta
1013 1003 1106 1081 insit3
1129 1025 1211 1090 quae
1232 1005 1275 1069 sit
1296 1009 1405 1071 eadem
1427 1009 1546 1091 sempi-

208 1112 327 1177 terna3
351 1102 405 1167 29.
428 1101 508 1165 nibil
530 1102 612 1167 enim
633 1102 791 1166 ualentius
808 1122 898 1177 esse,
922 1120 1021 1187 aquo
1035 1097 1195 1164 intereate
1219 1121 1315 1184 quam
1329 1099 1392 1164 rim
1408 1102 1546 1168 animum

208 1216 280 1263 esse
303 1196 433 1277 ςίἰοιιιιῑ4
454 1196 580 1273 mundi,
613 1198 807 1282 eandemque
828 1217 898 1260 esse
920 1206 1056 1261 mentem
1078 1192 1328 1279 sapientiamque
1349 1196 1545 1277 perfectam

210 1314 308 1379 quem
327 1293 422 1355 'deum
441 1291 623 1376 appellant,
646 1289 854 1374 'omniumque
871 1311 999 1365 rerum,
1023 1288 1194 1373 quaesunt
1207 1287 1237 1351 ei
1251 1288 1428 1366 subiectae,
1454 1290 1546 1376 quasi

209 1385 435 1472 prudentiam⁵
458 1389 633 1470 quandam,
656 1396 885 1468 procurantem
907 1380 1057 1445 caelestia
1079 1381 1244 1458 manimer
1258 1383 1371 1447 deinde
1391 1382 1426 1448 in
1448 1386 1546 1451 terris

210 1500 268 1559 ea,
291 1500 374 1565 quae
394 1480 554 1564 pertinent
575 1483 616 1544 ad
635 1477 799 1542 homines:
839 1498 933 1562 quam
954 1476 1112 1539 interdum
1135 1477 1288 1540 eandem⁶
1322 1479 1545 1544 necessitatem

171 1620 176 1629 «
212 1574 393 1657 appellante
431 1574 505 1659 quia
526 1573 603 1636 nihil
626 1572 717 1638 aliter
739 1575 874 1654 possiet,
899 1584 996 1658 atque
1018 1575 1058 1636 ab
1080 1594 1117 1641 ca
1139 1573 1345 1637 constitutum
1366 1573 1427 1652 sit,
1462 1574 1547 1639 inter

211 1667 324 1755 quasi⁸
344 1668 473 1733 fatalem
495 1679 527 1731 et
547 1667 772 1733 immutabilem
794 1667 1066 1732 continuationem
1088 1665 1210 1729 ordinis
1231 1667 1439 1749 sempiterni:
1464 1690 1546 1733 non·

212 1784 374 1848 nunquam
396 1762 546 1849 quidem⁹
568 1765 698 1826 eandem
718 1763 902 1838 fortunam,
934 1762 1024 1844 quod
1052 1759 1168 1823 efficiat
1188 1762 1287 1824 multa
1313 1762 1493 1845 improvisa
1515 1773 1546 1827 et

200 1848 436 1941 ‚necopinata‘19
474 1855 567 1920 nobis
579 1901 590 1936 ,
644 1868 783 1942 propter
821 1855 1050 1922 obscuritatem
1086 1854 1388 1942 ignorationemque
1428 1876 1544 1920 causa·

298 2044 403 2111 VIII.
426 2044 481 2110 30.
506 2043 620 2109 Tertia
642 2043 756 2109 dein'de
777 2041 1005 2128 philosophiae
1026 2063 1123 2127 pars,
1147 2064 1227 2128 quae
1242 2055 1311 2108 erat
1330 2043 1364 2106 in
1384 2043 1566 2108 rationess'

213 2149 246 2205 et
265 2139 298 2204 in
320 2139 527 2212 disserendo,
551 2139 601 2203 sic
618 2141 818 2202 tractabatur
840 2141 881 2203 ab
902 2138 1060 2223 utrisque.
1105 2138 1307 2224 Quamquam
1329 2136 1546 2203 oriretur¹²a

210 2222 381 2310 sensibus,
399 2244 505 2297 tamen
528 2255 595 2297 non
615 2254 684 2299 esse
705 2233 854 2299 iudicium
877 2231 1024 2296 veritatis
1037 2232 1070 2295 in
1086 2231 1245 2297 sensibus.
1288 2233 1435 2297 Mentem
1454 2234 1545 2299 vole·

210 2331 289 2393 baut
319 2348 428 2391 rerum
461 2347 530 2394 esse
551 2325 708 2392 iudicem:
742 2330 843 2395 solam
866 2329 1038 2393 censebant
1055 2325 1226 2404 idoneam,
1263 2326 1314 2391 cui
1336 2329 1544 2412 crederetprp

211 2420 286 2504 qnia
307 2421 378 2485 sola
406 2418 553 2486 cerneret
573 2418 625 2495 id,
663 2414 752 2505 quod
773 2440 901 2504 semper
923 2418 1202 2504 essetsimplex,
1222 2431 1254 2484 et
1274 2419 1475 2499 uniusmodi,
1515 2435 1546 2488 et

92 2590 95 2597 Ἰ
179 2575 193 2598 ,
210 2516 293 2591 tale,
318 2514 412 2599 quale
434 2526 529 2579 essct.
555 2514 650 2577 Hanc
668 2513 716 2578 illi
738 2510 829 2582 ἰδέαν
849 2506 1070 2597 appellabant,
1093 2514 1156 2579 iam
1179 2515 1354 2580 aPlstone
1374 2515 1419 2579 ita
1441 2517 1546 2584 nomi·

211 2609 368 2674 natamus
393 2628 452 2672 nos
472 2619 561 2672 recte
575 2608 723 2692 speciem
736 2629 906 2692 possumus
921 2608 1042 2676 dicere.
1086 2609 1141 2674 31.
1164 2611 1282 2674 Sensus
1302 2619 1408 2674 autem
1428 2631 1544 2675 omnes

212 2702 345 2766 hebetes
367 2713 398 2764 et
419 2704 529 2767 tardos
550 2723 620 2766 esse
644 2701 906 2783 arbitrabantur,
926 2722 987 2767 nee
1006 2703 1177 2787 percipere
1200 2703 1267 2769 ullo
1289 2705 1388 2769 modo
1409 2725 1542 2782 reseas,

95 2840 102 2851 ,
213 2818 297 2884 quae
318 2796 481 2861 subiectae
502 2796 645 2861 sensibus
667 2798 870 2874 viderentun
893 2819 974 2882 quae
996 2809 1102 2861 essent
1122 2806 1176 2861 ant
1196 2797 1241 2861 ita
1262 2818 1402 2881 parvae,
1425 2811 1464 2863 ut
1485 2801 1544 2864 sub

212 2912 340 2977 sensum
362 2893 477 2954 cadere
499 2911 563 2954 uon
585 2902 734 2973 possent;
757 2902 812 2956 aut
829 2888 877 2954 ita
897 2889 1034 2956 mobiles
1053 2902 1086 2955 et
1107 2889 1302 2968 concitatae,
1326 2903 1363 2956 ut
1383 2890 1464 2956 nibil
1485 2900 1550 2956 uir-⁴

167 2968 170 2988 ¹
214 3006 311 3071 qnam
332 3005 429 3049 riuum
447 2980 534 3050 'esset
555 2996 724 3062 constans3
761 3006 801 3051 ne
822 2984 905 3051 idem
928 2985 1056 3072 quidem
1064 2986 1110 3062 ¹⁴,
1135 2984 1211 3071 quia
1233 2986 1434 3051 continenter
1456 2987 1568 3050 labe·¹

213 3086 326 3143 rentur
345 3080 545 3166 etufluerent
567 3081 684 3146 omnia.
735 3080 850 3165 Itaque
870 3081 953 3143 banc
975 3100 1098 3144 omnem
1120 3091 1246 3162 partem
1267 3100 1397 3157 rerum,
1427 3081 1543 3165 opina»

152 3214 156 3225 ι
208 3172 308 3237 bilem
319 3172 346 3216 ¹⁵
368 3166 582 3257 appellabant.
605 3174 659 3240 32.
681 3174 853 3240 seientiam
877 3185 982 3239 autem
1003 3194 1157 3258 nusquam
1180 3195 1250 3239 esse
1271 3177 1459 3252 censebant,
1483 3174 1544 3243 nisi

208 3265 247 3334 in
267 3265 363 3333 animi
383 3266 605 3343 notionibusfl
625 3280 721 3354 atque
740 3267 940 3333 rationibus:
964 3289 1028 3352 qua
1050 3270 1089 3331 de
1111 3289 1204 3332 causa
1220 3267 1420 3335 definitiones
1435 3290 1544 3333 rerum

212 3350 417 3445 probabadt,
439 3372 470 3426 et
486 3363 544 3426 bas
560 3362 737 3441 adomnia,
761 3362 928 3450 dequibus
945 3363 1199 3446 disceptabatur,
1223 3361 1429 3434 adhibebant.
1455 3364 1542 3428 Ver·

1558 3558 1563 3587 l

244 3677 246 3680 y
287 3611 326 3686 (ί)
345 3639 381 3656 -·-
405 3616 450 3665 tta
479 3609 549 3669 Cdd.
578 3611 645 3686 tuq.
673 3613 717 3668 M.
736 3613 769 3668 L.
796 3614 879 3669 Grut.
930 3614 969 3684 (⁹)
988 3611 1023 3669 de
1042 3617 1078 3670 D.
1097 3619 1236 3670 sententis
1256 3616 1292 3671 G.
1312 3621 1340 3672 2.
1359 3645 1399 3662 -·
1416 3622 1448 3670 tn
1466 3622 1543 3672 omni

210 3686 316 3753 Ceteri.
341 3686 528 3759 Confirmatur
556 3702 652 3742 nostra
676 3687 762 3743 lectio
784 3689 848 3743 loco
867 3695 976 3745 incerto
994 3690 1028 3743 ds
1047 3689 1171 3760 Legibus
1189 3690 1261 3766 apud
1279 3693 1410 3747 Laetam.
1429 3696 1543 3753 Institi.

205 3758 245 3827 δ’,
266 3770 302 3830 8,
320 3769 384 3820 lin:
413 3764 492 3816 Sicut
508 3760 577 3818 'uua
600 3764 748 3836 eademque
764 3773 878 3817 natura
897 3765 1015 3820 muamus
1033 3766 1159 3819 omnibns
1173 3767 1306 3840 partibus
1325 3772 1402 3820 iuter
1420 3787 1452 3821 ss
1471 3788 1544 3822 enn-

209 3836 375 3906 gruentibui
401 3837 534 3892 cohaeret
560 3840 593 3894 ae
621 3844 723 3891 nititur
739 3856 795 3895 cet.
831 3839 870 3916 (³)
897 3858 960 3896 cum
985 3839 1055 3896 cdd.
1085 3842 1123 3898 G.
1141 3849 1170 3900 2.
1187 3863 1227 3902 =
1244 3860 1304 3895 ⁶³³0
1323 3843 1419 3895 mundi
1437 3846 1543 3900 Ceteri.

210 3910 249 3989 (⁴)
267 3913 419 3973 :dicunt
437 3932 495 3967 em
514 3914 583 3971 Vsu.
603 3917 687 3973 1292.
706 3917 741 3975 H.
760 3916 794 3969 V.
844 3915 883 3991 (⁵)
901 3946 941 3960 -
955 3915 1170 3988 providentiam
1186 3918 1220 3975 L.
1269 3916 1310 3989 (⁶)
1328 3946 1369 3964 -·
1387 3935 1444 3974 om.
1470 3940 1545 3973 ean-

117 3990 118 3993 ’
208 3987 273 4059 dem
291 3989 334 4042 M.
354 3989 436 4045 (ἔται.
458 3992 491 4045 D.
511 3986 572 4063 (hio
593 3993 721 4060 invitus.)
770 3993 809 4058 (⁷)
827 4020 865 4037 -
883 4010 942 4044 esse
957 3998 1050 4064 possit
1069 3993 1102 4048 L.
1122 3990 1153 4049 d.
1204 3993 1244 4064 (ὅ)
1263 4016 1303 4040 -ι
1320 4012 1345 4048 e.
1364 3999 1419 4060 sit,
1447 3999 1545 4048 inter·

108 4074 112 4097 ‘
131 4103 133 4109 .
208 4063 274 4116 dum
292 4065 423 4134 qrsasixL.
443 4061 474 4120 C.
493 4092 532 4109 ·-
549 4084 572 4121 e.
590 4070 632 4117 sit
648 4069 709 4127 ire:
727 4072 807 4138 pacari
825 4067 861 4121 D.
881 4066 911 4124 Ε.
925 4066 995 4122 Lali.
1014 4096 1053 4113 -·
1071 4086 1094 4123 c.
1114 4074 1155 4120 sit
1172 4073 1301 4136 weitin,
1321 4074 1397 4122 inter
1415 4077 1501 4141 quasi
1511 4070 1545 4126 de

178 4207 183 4220 .
208 4138 334 4193 Turnebi
354 4137 384 4196 Ε.
404 4139 458 4194 Hb.
496 4139 534 4207 (9)
552 4166 588 4183 -
606 4157 662 4195 om.
681 4141 789 4212 quddam
807 4141 839 4195 L.
859 4140 888 4199 d.
926 4142 981 4214 (¹⁰)
999 4141 1048 4197 Sic
1067 4161 1082 4197 e
1104 4141 1175 4198 cdd.
1193 4145 1279 4199 L.-
1297 4138 1456 4217 improvisa
1475 4147 1546 4199 base

208 4220 383 4286 necopinata
396 4216 430 4270 Η.
443 4217 476 4268 V.
491 4213 525 4269 G.
540 4221 567 4271 2.
579 4231 617 4270 oe
629 4214 763 4271 omdzaec
775 4221 832 4271 iam
846 4217 888 4273 M.
904 4217 1129 4292 n-psotaec:
1143 4248 1182 4261 -
1193 4218 1407 4284 hicVen.1i9!t.
1416 4221 1545 4277 Durand.

206 4317 247 4334 -
267 4288 341 4361 qnod
363 4291 452 4342 metra
479 4286 601 4363 efficiar
621 4296 769 4363 inopinata
793 4290 873 4348 Lact.
892 4292 1002 4349 Iastttt.
1022 4298 1056 4360 5,
1077 4297 1129 4361 29,
1148 4299 1175 4355 5.
1220 4294 1273 4362 (¹¹)
1299 4322 1338 4341 ·-
1356 4301 1491 4349 oratioue
1513 4299 1547 4352 L.

519 4365 919 4497 rrimus·
938 4367 1097 4498 nau
1116 4369 1549 4503 attremant-u

208 4479 354 4589 Stephdnl.
373 4458 563 4572 ggicomians
582 4525 610 4568 et
628 4517 719 4584 idem,
739 4463 805 4590 quii
823 4462 956 4577 Walieil
976 4529 1051 4593 tusp.
1071 4482 1152 4593 piob.
1172 4520 1209 4576 G.
1255 4486 1309 4590 (li)
1335 4524 1382 4578 sic
1402 4486 1461 4576 tim
1482 4469 1551 4579 ito-

207 4595 272 4646 nlus
292 4596 322 4645 tn
341 4610 368 4648 r.
387 4590 536 4668 opinabile.
556 4589 625 4649 edd.
645 4590 716 4647 Eds.
736 4608 800 4649 ante
820 4594 856 4650 G.
877 4597 970 4651 Recte.
996 4596 1170 4651 Universitas
1190 4613 1285 4651 rerum
1298 4612 1408 4652 constat
1421 4617 1456 4653 ex
1470 4600 1547 4655 ideis

208 4660 306 4731 ὅπως
324 4661 452 4734 οὔσαις,
472 4682 499 4721 et
519 4667 599 4721 rebus
619 4667 752 4723 subiectis
772 4671 919 4738 sensibus,
940 4658 1055 4725 iniertis
1075 4687 1103 4726 et
1121 4671 1290 4727 fluentibus:
1310 4672 1383 4727 bano
1402 4680 1550 4748 pqsterio-

208 4759 269 4795 rem
288 4756 382 4798 rernm
399 4757 524 4816 partem,
557 4743 745 4818 opinabilem,
770 4742 922 4822 δοξαστὴν
942 4744 1128 4821 appellabant.
1178 4747 1210 4802 et
1229 4747 1297 4822 quid
1316 4749 1509 4817 mutandum,
1531 4768 1548 4803 e

105 4873 107 4881 ,
207 4817 294 4871 Nouii
313 4818 445 4873 lemmate
464 4818 571 4873 scribas
592 4820 739 4893 opinabile.
746 4849 798 4877 .—
812 4831 942 4895 partem,
964 4841 1058 4875 rerum
1077 4823 1260 4895 opinabilium
1279 4825 1315 4879 G.
1335 4823 1365 4882 ii.
1383 4831 1410 4880 2.
1424 4826 1453 4879 ld
1467 4825 1548 4898 quoii

152 4921 155 4924 ⁴
207 4888 278 4945 falso
307 4894 489 4967 significaret,
522 4894 593 4948 haue
619 4912 725 4949 omnem
751 4903 868 4949 tertiam
883 4896 1060 4970 philosophia
1076 4908 1207 4970 partem,
1239 4894 1333 4955 rerunt
1359 4900 1546 4973 opinabilium

207 4969 395 5038 appellabant.
434 4968 484 5044 (¹⁶)
504 4988 519 5024 e
538 4968 606 5029 C1d.
628 4973 659 5025 L.
680 4970 717 5026 G.
732 4977 765 5029 ·2.
784 5001 823 5016 --
842 4975 1011 5027 auctionibus
1031 4975 1135 5030 Ceterlt

405 5114 429 5145 ἱ
