3252 5490
813 238 822 274 l

137 396 282 530 ’,ιω
347 498 353 510 ,
436 428 499 495 us
521 426 708 494 sturnus
730 427 970 497 sououuu
991 430 1055 495 rr
1079 430 1325 497 sinuosum
1447 508 1452 535 .

206 570 352 639 dicimus.
411 568 461 635 Ea
497 581 635 653 possunt
658 569 756 654 paria
789 593 854 661 non
888 591 977 647 esses
1011 573 1067 637 scd
1098 570 1332 636 emolumental
1368 573 1545 637 comminuit

208 688 279 734 esse
303 666 469 729 dicunntur:
498 675 587 730 recte
609 675 712 728 autem
729 660 846 728 'iacta'
871 677 902 730 et
927 678 1059 748 peccata
1081 688 1146 730 non
1171 667 1330 731 habentur
1351 667 1543 731 communia.

212 766 267 827 70.
291 759 472 824 Amicitiam
494 771 599 822 autem
621 760 829 824 adhibendam
851 781 923 824 esse
945 773 1092 838 censent,
1118 760 1192 844 quia
1213 761 1254 825 sit
1273 783 1315 826 ex
1329 763 1393 824 eo³
1417 783 1544 846 genere,

131 892 133 897 <
209 878 291 943 quae
313 854 483 937 prosuntl.
529 854 729 939 Quamquam
752 867 855 918 atatem
878 855 909 919 in
933 853 1069 919 amicitia
1092 855 1145 920 alii
1167 850 1289 933 dicant,
1314 877 1419 946 aeque
1441 876 1543 918 caran

207 973 278 1016 esse
302 943 434 1031 sapienti
459 948 613 1012 rationem
636 948 746 1026 aurici,
773 970 810 1013 ac
833 971 940 1031 suam3
964 950 1017 1014 alii
1039 960 1142 1013 autem
1165 949 1228 1012 sibi
1251 949 1366 1032 cuique
1385 949 1545 1027 cariorem

208 1065 316 1109 stram:
341 1053 445 1106 tamen
467 1041 501 1106 hi
523 1063 655 1128 quoque
676 1043 900 1126 posteriorcs⁵
922 1044 1083 1134 fatentur,
1119 1044 1255 1109 alienum
1278 1065 1348 1108 esse
1371 1038 1438 1105 abl3
1460 1044 1547 1108 iusti·

114 1216 117 1221 Ι
206 1143 268 1216 tia,
308 1141 348 1202 ad
377 1158 471 1223 quam
501 1135 565 1199 nati
593 1157 663 1200 esse
693 1131 879 1213 videamur,
914 1140 1084 1203 detrahere
1113 1139 1211 1223 quid⁷
1234 1143 1273 1201 dc
1295 1139 1427 1222 aliquo,
1465 1141 1548 1221 quod

208 1235 269 1299 sibi
291 1243 443 1297 assumat.
488 1229 624 1296 Minime
646 1252 726 1295 vero
748 1230 908 1313 probatur
929 1230 1005 1294 huic
1026 1231 1232 1315 disciplinae,
1257 1234 1296 1295 de
1318 1248 1383 1316 qua
1406 1233 1546 1316 loquor,

207 1339 262 1393 aut
291 1325 476 1401 amicitiam,
511 1336 564 1389 aut
593 1324 744 1389 iustitiam
776 1336 914 1407 propter
942 1323 1094 1388 utilitates
1126 1325 1276 1402 adscisci,
1312 1338 1366 1391 aut
1387 1326 1545 1409 probari.

205 1425 349 1507 Eaedem
371 1419 452 1484 euim
475 1418 650 1482 utilitates⁸
671 1429 825 1502 poterunt
848 1439 902 1482 eas
917 1419 1110 1484 labefactare
1126 1433 1221 1505 atque
1237 1432 1444 1507 pervertere.
1470 1422 1546 1484 Ete-

207 1511 271 1581 n'im
295 1537 353 1579 uec
383 1511 522 1591 iustitia,
557 1533 616 1576 nec
644 1512 801 1576 amicitiall
829 1533 899 1576 esse
922 1514 1050 1579 omuino
1080 1526 1251 1598 poterunt,
1287 1514 1349 1578 nisi
1375 1515 1474 1598 ipsae
1494 1534 1548 1597 per

171 1639 175 1645 ·
209 1620 245 1675 s'e
267 1607 507 1691 expetanturw.
559 1609 613 1669 71.
637 1606 693 1670 Ius
716 1618 836 1684 autem,
869 1609 956 1691 quod
977 1608 1021 1671 ita
1042 1608 1105 1671 dici
1126 1607 1344 1692 appellarique
1367 1608 1498 1691 possit,
1519 1609 1548 1670 id

208 1724 280 1768 esse
303 1703 473 1766 natnrtssz
496 1697 694 1786 alienumque
717 1723 788 1765 esse
810 1723 829 1766 a
850 1702 991 1784 sapiente
1013 1723 1078 1766 uon
1101 1704 1198 1767 modo
1221 1702 1367 1773 iniuriam
1391 1701 1549 1765 mustia-

209 1816 302 1870 ceret
327 1815 438 1859 verum
460 1795 566 1858 etiam·
578 1814 708 1858 nocere.
726 1830 728 1837 ·
753 1799 824 1860 Nec
845 1818 928 1859 vero
946 1807 1069 1860 rectum
1089 1809 1138 1860 est
1153 1819 1225 1860 cum
1241 1796 1367 1872 amicis,
1392 1808 1451 1859 aut
1469 1799 1547 1859 bene

208 1890 330 1955 meritis
352 1887 541 1952 consociare
550 1890 589 1967 ¹³,
614 1899 670 1951 aut
691 1889 889 1975 coniungere
909 1888 1077 1954 iniuriam:
1114 1890 1366 1975 gravissimeque
1389 1902 1424 1954 et
1448 1891 1550 1953 veris·

209 1985 324 2048 sime¹¹⁴
347 1981 548 2057 defenditur,
572 2003 744 2067 nunquam
757 1982 948 2067 aequitatem
971 1988 1012 2048 ab
1035 1986 1169 2049 utilitate
1183 2006 1280 2069 posse
1296 1985 1485 2073 seiungi¹⁵t
1508 1997 1549 2059 et,

211 2076 363 2164 quidquid
379 2096 514 2163 aequum
530 2076 714 2161 iustumque
729 2090 831 2152 esset,
848 2077 882 2140 id
895 2077 987 2141 etiam
1002 2080 1190 2145 honestum:
1216 2078 1440 2164 vicissimque,
1461 2080 1551 2163 quid-

196 2171 288 2256 quid
316 2180 399 2233 esset
431 2170 620 2245 honestum,
654 2171 688 2233 id
715 2170 832 2234 iustum
862 2171 957 2235 etism
987 2184 1082 2256 atque
1111 2194 1246 2258 aequum
1277 2172 1361 2239 iore.
1417 2175 1475 2236 72.
1499 2174 1550 2235 Ad

210 2262 544 2395 ‘²⁵‘luffiflffli'2
568 2263 739 2348 dequibus
755 2265 948 2346 disputatum
964 2277 1031 2341 est,
1054 2267 1249 2355 diffligam
1265 2266 1357 2330 etiam
1373 2268 1550 2353 adiungunt

211 2371 243 2424 et
264 2361 448 2443 phy-Qu,
477 2374 595 2445 easque
614 2361 721 2421 ambas
740 2359 893 2423 virtutum
912 2360 1038 2424 nomine
1057 2363 1240 2444 appellant:
1276 2361 1428 2439 alteram,
1464 2364 1549 2446 quod

210 2455 326 2515 babeat
346 2450 521 2527 rationem,
546 2472 584 2515 ue
606 2452 658 2514 cui
679 2451 764 2516 falso
787 2453 1014 2529 assentiamur,
1038 2476 1119 2518 uere
1141 2476 1280 2538 unquam
1303 2453 1451 2534 captiosa
1472 2476 1549 2536 pro-

68 2558 70 2561 ’
140 2575 144 2579 ·
210 2545 374 2610 habilitate
396 2542 564 2621 fallamur,
590 2567 709 2630 eaque,
734 2568 814 2630 quae
831 2549 869 2609 de
890 2549 983 2612 bouis
1005 2561 1037 2610 et
1059 2548 1147 2612 malis
1171 2546 1374 2611 didicerimus
1384 2547 1427 2623 ¹⁷,
1454 2558 1491 2611 ut
1505 2559 1565 2609 te-.

212 2661 290 2704 nere
312 2640 458 2726 tuerique
480 2641 654 2722 possimus.
712 2642 796 2705 Nam
818 2643 885 2705 siue
911 2644 971 2705 hac
995 2655 1063 2706 arte
1085 2642 1228 2726 quemvis
1251 2641 1497 2705 arbitrantur-1⁸-
1512 2644 1552 2704 ah·
1605 2676 1608 2687 ·

212 2754 294 2801 tero
309 2733 422 2799 abduci
440 2734 571 2819 fallique
591 2755 701 2818 posse.
738 2736 840 2800 Recte
857 2736 979 2821 igitur,
1004 2735 1031 2800 si
1053 2737 1199 2800 omnibus
1218 2734 1249 2798 iu
1270 2737 1365 2797 rebus
1385 2735 1549 2797 temeritas

143 2858 147 2863 ¹
188 2827 475 2914 ignoratioquew
505 2828 621 2893 vitiosa
647 2839 715 2906 est,
750 2851 802 2893 ars
824 2832 866 2893 ab
888 2831 937 2895 his
963 2832 1054 2908 ea20,
1089 2827 1281 2915 quiaejpllit
1307 2828 1408 2904 haec,
1446 2828 1551 2892 virtus

212 2923 372 2989 sentinata
396 2933 457 2986 est.
1368 2942 1370 2947 ’

176 3018 179 3024 ’
296 3008 414 3081 XXIL
436 3016 490 3080 tt.
509 3016 669 3098 Physicae
684 3040 814 3105 quoque
831 3042 896 3085 nou
913 3019 979 3084 sine
999 3040 1093 3085 carisa
1107 2988 1245 3082 triliutus
1260 3017 1341 3082 idem
1357 3028 1406 3080 est
1422 3019 1548 3080 honos:

211 3122 387 3196 propterea
407 3113 516 3196 quod,
552 3111 607 3197 qui
626 3113 855 3177 convenienter
875 3125 1009 3177 natiuae
1030 3113 1173 3177 victurus
1195 3112 1254 3191 sit,
1273 3112 1321 3176 “ei
1337 3110 1549 3194 proficiscen·

140 3245 143 3253 ,
183 3262 187 3270 .
213 3206 319 3268 dum²¹
338 3216 387 3268 est
399 3208 439 3267 ab
459 3204 545 3269 oanni
562 3209 681 3272 mtrudo
700 3210 831 3293 atque2²
853 3210 894 3271 ab
913 3208 980 3272 eius
993 3205 1233 3289 procuratione.
1280 3207 1352 3269 Nec
1371 3225 1454 3268 vero
1475 3216 1548 3287 pot·

180 3324 183 3333 ¹
213 3310 261 3363 cst
290 3299 457 3385 quisquam
490 3302 529 3363 de
564 3300 658 3364 bonis
690 3313 723 3364 et
753 3302 875 3365 malis²³
905 3323 982 3366 rere
1015 3301 1177 3375 iudicare,
1213 3299 1274 3364 nisi
1303 3299 1389 3366 omni
1416 3299 1549 3384 cognita

223 3448 226 3455 ·
289 3428 328 3500 (Ἰ)
346 3457 385 3470 -
402 3427 455 3479 sed
470 3447 522 3481 em.
542 3437 571 3479 st
589 3428 759 3483 detrimenta
778 3449 802 3482 c.
815 3430 847 3485 L.
861 3429 891 3485 (i.
911 3458 951 3476 -
968 3432 1062 3484 Haec:
1082 3430 1327 3483 sed--dicuutur
1339 3429 1374 3481 D.
1389 3429 1432 3501 [].
1461 3427 1548 3504 (21-

211 3511 279 3555 acta
296 3504 357 3558 Be..
384 3501 421 3581 (³)
440 3519 478 3559 ω
496 3522 592 3556 cortem
611 3506 642 3558 L.
681 3503 719 3580 (³⁸)
738 3533 776 3551 -
791 3510 905 3577 pro-sint
923 3505 990 3560 Em.
1011 3503 1039 3562 Ε.
1066 3515 1091 3562 1.
1113 3507 1161 3562 Bt.
1209 3504 1248 3574 (⁶)
1267 3520 1305 3559 oto
1320 3510 1499 3576 posteriores
1517 3502 1547 3555 de

175 3604 176 3607 ¹
212 3579 298 3651 gloss.
318 3594 478 3652 suspectum
500 3580 614 3633 Motene
637 3596 664 3653 p.
688 3585 732 3639 15.
751 3605 786 3623 -
805 3582 838 3632 td
853 3599 957 3653 quoque
972 3590 1050 3653 post.
1070 3582 1113 3634 Iu.
1139 3583 1178 3652 V.
1218 3580 1257 3648 (ὅ)
1276 3599 1291 3634 e
1311 3577 1381 3634 Cdd.
1405 3579 1443 3635 G.
1466 3585 1497 3634 2.
1514 3594 1549 3629 =

212 3672 231 3705 a
250 3654 354 3707 Ceteri.
404 3653 442 3722 (⁷)
461 3669 499 3708 ω
518 3672 576 3710 om.
595 3655 661 3727 pisid
679 3653 749 3710 C2d.
765 3652 844 3730 proh.
865 3658 901 3711 D.
923 3671 950 3709 et
975 3660 1057 3712 Beier
1079 3651 1163 3728 Offls.
1186 3656 1221 3711 Τ.
1246 3663 1272 3712 2.
1295 3676 1323 3730 p·
1342 3658 1407 3714 219·
1454 3656 1496 3722 (⁸)
1513 3681 1551 3698 ··

210 3728 371 3799 voluptates
399 3730 433 3784 V.
458 3746 522 3784 cum
541 3730 611 3787 ctd.
662 3728 701 3799 (⁹)
733 3729 781 3786 Sic
804 3728 834 3787 1³.
857 3732 899 3787 Iu.
929 3735 977 3786 Cr.
1009 3732 1050 3787 M.
1083 3733 1118 3784 Ι..
1143 3730 1204 3784 vide
1232 3733 1313 3785 Beier
1338 3732 1363 3783 0
1388 3737 1424 3784 ic.
1458 3731 1494 3783 T.
1522 3734 1546 3784 2.

172 3837 174 3839 ·
212 3822 241 3878 p.
260 3805 325 3862 112.
344 3803 412 3859 Ern.
430 3814 456 3863 1.
476 3808 521 3859 Br.
540 3821 577 3859 oe
596 3824 645 3858 nee
664 3811 793 3872 iustitia,
813 3825 864 3858 nec
882 3812 1026 3859 amicitias
1045 3824 1110 3860 cum
1129 3805 1199 3865 esd.
1220 3808 1255 3861 D.
1276 3816 1313 3850 .:
1331 3824 1381 3857 nec
1400 3810 1549 3868 iustitiae,

212 3896 263 3930 uec
280 3883 422 3931 amicitiae
441 3879 512 3935 Cdd.
532 3880 598 3954 aliq.
616 3882 649 3934 V.
670 3881 754 3937 Grut.
774 3883 810 3936 G.
830 3891 877 3949 2.‚
908 3882 982 3954 quod
1002 3900 1070 3937 casu
1094 3886 1268 3936 nominativo
1291 3896 1366 3935 stare
1389 3899 1449 3933 non
1470 3898 1549 3954 posse

212 3971 297 4026 quum
315 3953 420 4008 videret
438 3955 491 4022 G.,
511 3962 616 4010 mirum
636 3961 666 4010 in
684 3956 799 4010 modum
815 3976 867 4031 pro
887 3957 988 4012 dativis
1009 3962 1127 4032 accepit.
1146 3957 1208 4011 sed
1224 3974 1328 4033 poenas
1344 3954 1422 4010 dedit
1439 3960 1548 4010 Reiero.

211 4028 265 4157 ΣΝ)
283 4056 324 4074 ι-
343 4034 398 4082 nisi
416 4035 543 4105 ipseper
565 4052 595 4085 se
617 4041 783 4105 expetentur
798 4035 832 4086 L.
853 4030 928 4107 (ipsa
948 4032 1060 4088 defendi
1081 4049 1172 4108 potest
1192 4052 1225 4086 ex
1244 4028 1328 4103 Offic.
1349 4036 1376 4091 5.
1395 4034 1421 4099 p.
1442 4039 1508 4091 118.
1525 4034 1549 4081 si

83 4148 94 4169 ,
125 4145 129 4151 .
231 4113 291 4157 aec
305 4122 361 4156 non
383 4124 436 4178 per
458 4125 487 4159 se
506 4116 692 4180 expetantur,
725 4124 810 4180 quum
828 4114 1025 4182 praecessisset
1044 4109 1173 4175 bonitas,
1201 4109 1374 4171 liberalitas,
1407 4103 1551 4180 comitas.)
1614 4108 1615 4119 ¹

212 4181 275 4250 (11).
294 4197 359 4233 cum
386 4181 474 4236 Tertii
501 4184 575 4238 libro
600 4186 631 4239 P.
657 4185 698 4237 lu.
726 4185 758 4238 L.
785 4186 821 4237 D.
849 4193 885 4241 1.
900 4184 948 4238 Br.
969 4200 1006 4230 e-
1024 4193 1156 4237 naturam
1177 4182 1247 4238 Cdd.
1267 4184 1363 4257 pleriq.
1383 4184 1432 4235 Cr.
1452 4183 1488 4234 V.
1509 4182 1549 4236 M.
1614 4252 1615 4255 Ἴ

213 4242 274 4329 <quii
302 4270 395 4310 tamen
423 4258 502 4332 proh.
526 4254 654 4335 narrent.)
695 4261 775 4319 Grut.
791 4253 833 4314 ¹G.
852 4265 880 4315 2.
916 4261 1010 4333 Aeque
1030 4276 1177 4335 corruptus
1197 4276 1240 4313 est
1258 4259 1337 4312 locus
1356 4255 1434 4311 ded
1474 4274 1505 4326 g.
1526 4265 1550 4313 1.
1614 4258 1615 4277 ¹

118 4342 121 4353 '
181 4358 184 4369 ¹
211 4335 237 4401 §-
257 4336 302 4392 55.
342 4330 394 4407 (⁴¹2)
413 4349 451 4387 os
470 4341 596 4406 cuiquam
614 4337 647 4390 L.
686 4324 922 4402 (¹³)-1soetare
942 4335 1011 4391 Cdd.
1032 4336 1098 4408 aliq.
1136 4334 1187 4413 (tt)
1206 4351 1246 4388 oo
1262 4337 1439 4386 severissime
1459 4335 1550 4387 Beieri
1614 4368 1615 4371 κ

212 4406 248 4481 Ε(
263 4399 347 4478 Offic-
369 4411 403 4462 'l'-
424 4415 451 4465 2.
472 4430 503 4485 p..
517 4416 563 4466 22.
602 4408 652 4484 (¹⁵)
672 4441 709 4454 -
727 4416 875 4478 seiungere
895 4408 945 4464 Cd.
965 4413 1061 4484 Steph.
1081 4415 1114 4464 V.
1152 4408 1204 4484 (tt)
1224 4440 1258 4456 -
1278 4410 1318 4461 ad
1335 4426 1385 4461 eas.
1401 4408 1462 4461 Eri.
1478 4407 1552 4480 Spir.
1614 4410 1615 4423 ¹

189 4486 191 4492 ¹
212 4483 264 4558 (¹⁷)
283 4500 316 4536 ex
335 4483 393 4537 Eri.
414 4486 486 4559 Spir.
507 4490 542 4542 G.
563 4491 590 4542 2.
610 4502 648 4539 ω
666 4485 838 4537 disseramus
856 4503 921 4539 cum
942 4486 1012 4544 Ctd.
1033 4488 1079 4542 Br.
1100 4515 1138 4529 -
1156 4485 1308 4538 diceremus
1327 4487 1430 4539 Ceteri.
1470 4480 1551 4556 (¹⁸)es
1614 4500 1615 4503 ¹

133 4556 139 4567 '
212 4558 283 4614 Cdd.
303 4562 338 4614 D.
360 4559 442 4632 Seqq.
460 4589 499 4604 ·-
518 4562 693 4613 arbitramur
707 4564 825 4615 Priores.
845 4563 915 4614 Mox
929 4562 964 4612 ab
977 4581 1006 4617 υ.
1020 4559 1166 4617 accdi.
1181 4563 1288 4616 Ceteri:
1308 4576 1418 4611 avaro.
1447 4556 1552 4684 5¹³⁹)-

211 4640 431 4707 s'guorantinque
451 4635 503 4690 Cd.
524 4639 585 4691 Mo.
623 4635 681 4711 (2⁰)
694 4638 741 4691 Sic
760 4636 881 4690 Marsus.
902 4637 938 4693 G.
957 4668 995 4680 ·-
1014 4653 1064 4688 ars
1082 4656 1116 4688 ea
1135 4635 1186 4690 Cd.
1207 4636 1268 4689 Mo.
1288 4653 1352 4689 cum
1366 4633 1440 4687 aliis.
1482 4634 1550 4689 .Bt·.

159 4704 163 4713 '
212 4738 251 4752 -
269 4709 305 4760 ab
325 4706 368 4761 dis
386 4731 421 4765 ea
439 4710 510 4767 edd.
531 4728 594 4765 ante
613 4712 649 4766 D.
669 4712 743 4764 Tum
762 4719 788 4768 1.
807 4717 835 4766 2.
861 4711 973 4767 Excidit
992 4730 1043 4764 ars
1061 4729 1175 4786 propter
1194 4709 1290 4763 falsam
1311 4709 1437 4763 distinct.
1453 4709 1485 4761 P.
1500 4712 1551 4759 va

211 4812 251 4828 ·-
276 4783 313 4835 ab
339 4785 399 4851 lais,
425 4806 495 4859 qrsae
519 4788 613 4852 tollit,
634 4787 702 4838 haec
720 4792 817 4839 virtus
835 4805 862 4840 n.
882 4806 907 4841 e.
952 4790 1002 4855 (²¹)
1023 4787 1121 4851 SicL.
1142 4793 1170 4840 in
1192 4804 1228 4839 tn.
1252 4791 1332 4847 tist.
1351 4787 1388 4843 D·
1407 4783 1444 4837 G·
1464 4811 1506 4828 -··
1521 4787 1549 4831 0²

209 4856 381 4930 proflcttd.
401 4863 492 4918 multi.
513 4867 644 4917 P.-ei
664 4859 790 4933 etprof.
811 4861 843 4915 v.
864 4862 957 4919 ΜΛ..
979 4865 1060 4922 1566.
1082 4865 1221 4922 pune,
1243 4890 1283 4904 ...
1307 4868 1333 4912 ez·
1357 4863 1448 4919 ettam„
1466 4852 1548 4933 μοχ.

84 4950 90 4957 ·
175 4950 179 4953 ·
213 4936 259 4990 c..
298 4931 349 5008 (²²)
368 4954 383 4989 e
402 4935 470 4991 cde.
490 4939 526 4994 e.
547 4938 612 4993 ecs.
632 4943 658 4992 2.
680 4967 718 4984 -
736 4947 765 4990 a
784 4939 893 4994 cetea.
934 4936 986 5011 ps)
1006 4940 1054 4995 su
1080 4936 1149 4995 ecs.
1175 4937 1272 5010 pleriq.
1302 4934 1403 4991 rut.
1433 4935 1468 4988 c.
1497 4929 1546 4985 eu.

213 5009 238 5076 §-
257 5008 304 5067 ltl.
323 5025 350 5064 et
372 5017 504 5074 72.ohet
523 5015 556 5067 de
575 5017 658 5069 malls
678 5019 706 5069 Ρ.
727 5017 759 5066 V.
779 5015 813 5068 D.
837 5021 863 5071 l.
884 5015 927 5067 ΒΓ.
952 5018 979 5069 2.
