3188 5492
715 156 753 239 ,Ι
832 256 843 274 Ο

777 280 806 321 Ι
902 342 907 349 ι

100 394 104 401 ’
155 524 160 533 x
214 428 742 545 conannaonuunueos
772 408 960 496 ιιιιιιι.4
1002 431 1044 497 c.
1070 435 1122 494 m.
1148 418 1199 539 ιι.
1313 430 1414 511 ιιι,

48 574 128 636 salso
146 580 216 648 est,
238 572 350 635 sicam
372 592 436 634 non
456 571 585 633 audebis
604 585 762 635 evertere·
805 573 873 639 Est:
887 574 967 637 enim
987 550 1268 651 latibutnmlmun,
1292 575 1374 636 unde

48 666 77 730 in
92 666 247 730 incautos
259 667 411 729 ¹transire
432 666 598 750 cupientes
621 669 791 730 vehemens
804 690 807 696 ¹
820 667 958 749 erumpis
977 677 1080 752 ‘atque
1106 666 1238 731 exsilis:
1263 668 1377 750 aliquis
1423 696 1429 703 ·

47 771 77 821 te
103 760 261 823 Hercules
283 759 388 822 intua
409 760 561 841 spelunea
583 771 741 845 tamquam
762 760 999 825 semihominem
1020 762 1161 829 (ὶιιιιιιιιιι
1183 762 1373 837 suffocabit,
1461 756 1472 815 .'

48 863 78 915 et
97 851 238 937 eiusdem
262 851 397 916 molibus
423 852 602 934 opprimet,
628 857 746 917 docens
771 854 890 938 aliquid
911 876 981 918 esse
998 854 1030 918 in
1045 845 1262 939 philosophia,
1286 858 1376 941 quod

45 958 202 1030 tamquam
226 947 327 1009 simile
348 946 432 1011 falso
454 946 611 1009 incertum
639 948 751 1011 abste
774 949 843 1011 fieri
868 971 931 1013 nou
956 952 1071 1032 possit.
1131 950 1227 1016 Certe
1253 953 1293 1015 ad
1314 946 1375 1014 ulia
1443 962 1446 969 ’

45 1041 276 1121 properabam
310 1043 374 1105 hoc
396 1040 538 1125 quisquis
561 1053 676 1126 unget,
701 1043 880 1123 teipsum,
908 1043 1107 1121 Carneades,
1133 1067 1249 1130 magna
1279 1043 1375 1107 affieit

47 1134 256 1211 contumelia,
282 1156 374 1220 quem
399 1157 417 1197 a
439 1156 490 1197 me
517 1135 617 1198 veluti
644 1148 801 1200 mortuum
826 1150 917 1220 putat
939 1140 1117 1222 ubicunque
1140 1153 1194 1202 aut
1214 1142 1375 1208 undecun-

47 1248 106 1312 que
126 1248 225 1309 posse
244 1229 410 1313 superari3
449 1230 476 1292 si
505 1241 606 1291 autem
640 1250 705 1293 non
728 1232 1118 1311 putat,·immiserieore=
1139 1244 1209 1308 est,
1244 1233 1300 1316 qui
1325 1253 1375 1297 me

46 1323 159 1405 passim
190 1328 347 1388 ducrere
364 1323 521 1407 praesidia
550 1335 582 1386 et
601 1336 713 1387 >tecum
739 1324 771 1386 iu
792 1342 908 1408 cnrnpo
931 1339 1054 1390 certare
1081 1326 1188 1411 cogit:
1226 1326 1260 1388 in
1281 1348 1374 1409 quem

47 1419 235 1483 descendere
254 1441 350 1504 quum
370 1418 547 1500 coepissem
562 1464 572 1492 ,
586 1419 668 1495 ,solo
691 1429 748 1481 tuo
770 1420 897 1483 nomine
915 1422 1046 1485 territus
1068 1424 1181 1503 pedem
1203 1420 1317 1496 retuli,
1343 1431 1400 1495 et,

48 1514 83 1573 de
106 1514 274 1593 superiore
293 1516 368 1578 loco
391 1513 595 1597 nescio-quid
615 1513 769 1589 iaculatus
792 1534 883 1590 sum,
908 1516 996 1596 quod
1018 1525 1123 1576 utrum
1143 1517 1181 1576 ad
1202 1524 1234 1576 te
1256 1534 1387 1596 perve·.,

46 1609 146 1685 uerit,
171 1609 225 1671 vel
251 1608 328 1692 quid
347 1608 466 1692 egerit,
485 1607 634 1671 ,viderint
653 1609 713 1669 sub
732 1628 870 1691 quorum
892 1607 1037 1671 examine
1059 1608 1251 1671 dimicamus.
1310 1609 1375 1672 Sed

47 1704 118 1787 quid
144 1716 252 1766 metuo
277 1701 429 1784 ineptus?
451 1702 487 1765 Si
504 1704 586 1765 bene
606 1701 750 1775 memini,
774 1713 918 1764 mortuus
945 1723 1002 1777 es,
1018 1724 1085 1763 nee
1105 1701 1167 1765 iam
1190 1724 1252 1784 pro
1268 1703 1375 1784 sepul·

46 1818 100 1861 cro
136 1810 195 1861 tuo
222 1797 293 1860 iure
320 1807 444 1880 pugnat
470 1796 629 1878 Alypius3
664 1795 759 1866 facile
789 1815 838 1857 me
864 1806 978 1861 contra
1004 1797 1148 1858 umbram
1170 1807 1260 1859 tuam
1284 1796 1374 1860 Deus

47 1890 220 1954 adiuvabit.

126 1985 179 2046 ts.
212 1984 323 2060 Nihil,
359 1983 422 2061 ais,
462 1983 493 2046 in
519 1983 726 2094 philosophia
750 2003 850 2089 posse
877 1983 1014 2066 percipi
1072 1986 1116 2048 Et
1132 1996 1171 2047 ut
1196 1983 1374 2048 orationem
1418 2044 1422 2057 ι

44 2088 123 2139 tuam
142 2079 235 2163 large
254 2078 382 2170 lateque
398 2079 572 2153 diffundas,
603 2079 716 2160 arripis
739 2077 837 2140 rixae
856 2078 1131 2161 dissensionesque
1157 2078 1369 2160 philosopho·
1378 2142 1381 2152 f

45 2190 129 2247 rum,
167 2184 203 2233 et
225 2193 278 2234 eas
303 2171 363 2237 tihi
385 2183 500 2235 contra
526 2173 599 2237 illos
625 2191 711 2234 arma
734 2171 913 2235 ministrare
937 2172 1114 2235 arbitraris.
1174 2172 1248 2251 Quo
1275 2173 1373 2235 modo

47 2264 123 2326 enlin
144 2264 231 2346 inter
251 2265 471 2329 Democritum
495 2277 526 2328 et
545 2267 728 2348 superiores
747 2266 899 2347 physicos
922 2267 960 2328 de
986 2286 1051 2329 uno
1074 2268 1192 2329 mundo
1221 2277 1252 2328 et
1280 2284 1373 2329 nunu
1375 2337 1377 2340 y

46 2358 248 2421 merabilibus
276 2359 363 2421 litem
394 2358 650 2435 diiudicabimus,
687 2370 794 2444 quum
817 2358 902 2420 inter
929 2358 1033 2439 ipsum
1059 2358 1270 2443 heredemque
1304 2358 1374 2421 eius

47 2452 218 2532 Epicurum
248 2451 421 2516 concordia
455 2474 580 2517 manere
613 2452 819 2539 nequiverit?
852 2453 934 2514 Nam
966 2454 1024 2514 iste
1055 2452 1242 2517 luxuriosus
1276 2470 1380 2533 qurum]

47 2558 165 2625 atomos
184 2546 301 2651 quasi
295 2547 457 2609 ancillulas
480 2568 571 2624 suas,
595 2549 627 2612 id
642 2560 706 2624 est,
731 2545 942 2627 corpuscula,
960 2546 1091 2629 quaein
1113 2546 1253 2610 tenebris
1271 2546 1371 2606 laetus

49 2640 266 2720 amplectitur,
291 2612 355 2705 ιιοιι
370 2653 479 2703 tenere
495 2640 578 2703 viam
600 2639 832 2717 suam,scd1n
854 2637 972 2705 alienos
989 2639 1102 2701 limites
1118 2639 1234 2747 passim
1258 2632 1372 2719 sponte

49 2733 206 2796 declinare
233 2734 407 2816 permittit,
446 2745 547 2798 totum
580 2733 803 2840 patrimonium
835 2734 927 2801 etiam
961 2752 1019 2814 pet
1052 2733 1158 2817 iurgia
1194 2731 1371 2813 dissipauit.

48 2825 118 2889 Hoc
138 2848 222 2891 vero
248 2828 324 2890 nihil
352 2831 390 2889 ad
413 2846 461 2890 me
485 2827 607 2890 attinet.
664 2829 698 2891 Si
725 2829 806 2889 enim
830 2830 869 2890 ad
890 2827 1072 2908 sapientiam
1098 2827 1236 2909 pertinet
1256 2828 1373 2889 horum

49 2920 160 3005 aliquid
178 2922 282 2996 seire,
305 2919 337 2982 id
360 2941 423 2984 non
447 2932 555 3001 potest
576 2921 677 2984 latere
698 2921 884 3003 sapientem.
930 2921 969 2983 Si
989 2934 1092 2988 autem
1117 2921 1201 2983 aliud
1222 2917 1372 3002 quiddam

49 3015 299 3097 est.sapientia⁵,
324 3014 408 3076 illam
428 3014 488 3076 s'eit
505 3015 651 3096 sapiens,
675 3015 733 3077 ista
753 3014 937 3076 contemnit.
984 3017 1105 3076 Tamen
1119 3035 1183 3097 ego
1202 3012 1256 3096 qui
1273 3010 1371 3093 longo

50 3108 143 3171 adhue
166 3112 277 3181 absum
301 3108 352 3171 vel
374 3107 573 3172 u‘vicinitate
601 3109 774 3190 sapientis,
812 3110 844 3171 in
872 3108 940 3170 istis
963 3108 1103 3194 physicis
1125 3104 1268 3173 nonnihil
1289 3102 1371 3166 scio.

50 3198 174 3264 Certum
200 3203 281 3265 enim
307 3198 433 3276 habe'o,
471 3215 641 3267 autunum
669 3224 738 3266 esse
760 3205 926 3277 ιιιιιιιιιιιιιι,
966 3212 1020 3264 ant
1047 3194 1112 3265 ιιοιι
1132 3220 1252 3265 unnim:
1291 3194 1372 3261 etsi

49 3295 112 3356 non'
131 3316 246 3372 uuum,
272 3309 325 3359 aut
346 3296 429 3359 finiti
452 3297 594 3373 numeri,
620 3310 673 3359 eut
694 3296 818 3358 infiniti.
851 3295 963 3359 <Istam
982 3296 1169 3359 sententiam
1188 3292 1370 3357 Carneades

38 3386 142 3451 -ιιιιιιι
171 3413 242 3453 esse
268 3390 398 3453 similem
428 3394 553 3454 doceat.
611 3391 692 3457 Item
718 3390 785 3452 scio
815 3393 963 3452 mundum
996 3390 1089 3452 istum
1119 3399 1281 3461 nostrum,
1318 3394 1371 3445 ιιιι

50 3494 153 3547 natima
176 3500 378 3566 corporum,
404 3498 457 3561 aut
482 3485 587 3569 aliqua
608 3476 812 3567 providentia
835 3484 881 3546 sio
903 3506 972 3546 esse
995 3482 1201 3572 dispositum
1236 3500 1369 3563 eumque
1414 3542 1418 3547 ,

49 3588 97 3637 aut
117 3600 243 3660 semper
274 3579 373 3642 luis'se
399 3590 432 3642 et
455 3579 550 3656 fore,
588 3591 642 3642 eut
667 3580 812 3660 coepisse
836 3596 906 3642 esse
938 3579 1061 3642 minime
1090 3576 1283 3647 desiturum3
1317 3585 1370 3654 arrt

50 3681 146 3733 orunn
169 3695 212 3736 ex
237 3685 382 3755 tempore
405 3694 469 3737 non
490 3674 628 3750 hahere,
652 3676 710 3737 sed
731 3672 911 3735 habiturum
937 3694 1006 3735 esse
1030 3672 1227 3743 linem-aut
1249 3677 1281 3732 et
1302 3689 1369 3729 ma·

48 3778 118 3827 nere
132 3766 310 3847 coepisse,
334 3778 366 3829 et
391 3788 455 3831 nnn
477 3780 635 3850 perpetuo
656 3788 724 3831 esse
750 3786 955 3829 mansurum:
979 3778 1010 3826 et
1025 3759 1265 3827 innumerabilia
1286 3760 1369 3840 phy-

50 3853 108 3919 sica
132 3860 213 3924 hoe
224 3863 320 3926 modo
345 3861 435 3926 ιιοιι.
489 3863 580 3925 Vera
606 3864 688 3927 enim
710 3862 768 3924 ista
789 3872 864 3942 stunt
884 3853 1061 3932 disiuncta,
1090 3878 1149 3920 nee
1168 3853 1369 3917 similitudine
1457 3902 1461 3911 ,

51 3947 146 4033 aliqua
172 3952 245 4015 falsi
267 3976 302 4018 ea
324 3968 433 4037 potest
461 3955 624 4041 quisquam
650 3937 857 4023 confundere.
914 3950 979 4016 Sed
1001 3970 1132 4015 assume
1150 3947 1288 4030 aliquid,
1326 3945 1370 4008 ait

51 4040 268 4111 Academicus.
300 4051 401 4113 Nolo
431 4052 513 4151 Num
532 4053 597 4116 hoc
617 4063 665 4116 est
686 4052 809 4114 dicere.
835 4046 990 4129 Relinque
1008 4047 1096 4127 quod
1113 4042 1187 4116 scis,
1211 4040 1262 4102 die
1281 4042 1370 4122 quod

50 4135 158 4203 neseis.
202 4144 268 4204 Sed
281 4148 401 4224 pendet
414 4147 577 4209 sententia
621 4146 741 4209 Melius
759 4155 846 4205 certe
860 4143 977 4222 pendet
995 4158 1089 4221 quam
1110 4135 1210 4198 cadit:
1235 4131 1369 4210 ιιιιιιιιιι6
1463 4164 1466 4170 -
1565 4124 1568 4131 ’

51 4229 137 4307 plana
158 4246 223 4310 est;
248 4254 359 4320 nempe
376 4260 437 4302 ram
459 4251 565 4346 potest
587 4252 641 4302 aut
661 4240 763 4313 falsa,
788 4248 841 4298 aut
865 4254 939 4297 vera
961 4230 1128 4299 nominari
1174 4230 1266 4305 Hane
1285 4245 1366 4306 ergo
1432 4293 1441 4306 ι

51 4329 200 4393 nescire
222 4329 306 4394 dico.
353 4336 428 4409 Τιι,
453 4334 507 4416 qui
531 4355 591 4396 nee
611 4337 651 4397 ad
671 4322 907 4415 philosophiam
931 4325 1091 4428 pertinere
1112 4323 1172 4386 ista
1191 4338 1309 4402 negas,
1335 4327 1367 4381 et
1460 4382 1469 4393 ¹

52 4402 153 4482 demun
173 4423 249 4486 sciri
269 4424 345 4487 nihil
368 4446 463 4506 posse
486 4427 616 4503 asserii,
641 4428 772 4490 ostende
796 4445 846 4486 me
867 4422 928 4483 ista
949 4419 1092 4483 nescire:
1127 4417 1178 4478 dic
1199 4413 1275 4479 istas
1301 4410 1365 4476 dis
1435 4416 1443 4425 '

51 4505 216 4580 hmctiones
237 4519 403 4582 arrtsalsas
422 4540 507 4595 esse,
543 4534 595 4583 aut
613 4504 1047 4627 aliquideominunetltabere
1073 4533 1143 4577 cum
1164 4509 1268 4582 falso,
1301 4526 1360 4586 l’ffl'
1402 4518 1417 4543 ι

55 4612 134 4686 quod
156 4612 292 4675 discerni
315 4613 445 4678 omnino
467 4636 530 4677 non
553 4616 690 4696 possint.
1066 4627 1069 4633 '

129 4706 192 4769 ΧΙ
217 4707 269 4772 24.
294 4709 397 4783 Unde,
421 4708 532 4791 inquit,
557 4710 619 4772 seis
639 4728 707 4772 esse
725 4706 821 4791 istum
840 4692 1006 4779 mundum,
1028 4690 1367 4766 slseususfalluntm?
1444 4733 1449 4743 ·

55 4781 216 4882 Nunquam
232 4802 374 4864 rationes
387 4812 515 4864 vestrae
537 4803 580 4866 ita
599 4803 664 4865 ιιιιι
687 4822 835 4864 sensuum
857 4800 1004 4864 refellere
1019 4805 1208 4880 potuerunt,
1232 4800 1269 4850 ¹1¹
1290 4807 1368 4850 ⁰⁰¹¹

55 4886 212 4959 vinceretis
236 4896 327 4958 nobis
352 4895 427 4957 nihil
450 4884 570 4958 uideri:
607 4916 665 4967 nee
688 4894 820 4958 omnino
845 4893 912 4957 ausi
929 4893 1004 4956 estis
1026 4889 1194 4974 aliquando
1215 4883 1275 4946 ista
1298 4893 1368 4945 teu·

55 4986 135 5059 tare,
156 4993 213 5059 sed
231 5010 331 5140 posse
343 4990 427 5059 aluid
442 5011 511 5052 esse
527 5009 565 5052 ac
581 4990 721 5067 videtur,
745 4989 949 5055 vehementer
962 4986 1154 5131 pqrsuadere
1170 4966 1394 5045 incubuistis-⁸

132 5098 191 5141 cn„
191 5103 241 5144 ι
244 5103 311 5143 ,imni
824 5128 826 5133 .
