3188 5492
223 402 288 466 ιιι
439 436 453 459 .
593 374 602 401 ““
638 403 843 469 annuum
870 400 1131 469 aoousmm

194 545 290 611 .'Sed
314 562 374 608 vos
400 564 447 607 me
473 544 572 607 iocari
595 543 817 607 arbitramini:
854 544 988 628 liquet¹¹
1017 543 1160 607 deierare
1186 566 1246 627 per
1272 565 1365 609 omne
1388 544 1519 623 diuinum,

190 706 193 715 ,
224 641 347 709 nescire
376 660 425 700 me
455 659 590 719 prorsus
620 641 782 722 quomodo
814 638 873 701 iste
905 639 1110 721 peccaverit,
1146 639 1172 700 si
1205 639 1347 723 quisquis
1381 638 1413 699 id
1444 640 1522 722 egerit

225 737 312 821 quod
328 731 509 815 -ptohabile
541 732 684 807 videtur,
723 752 787 795 non
809 743 933 814 peccat.
993 731 1063 796 Nisi
1084 733 1177 797 forte.
1196 732 1355 796 in'totum
1382 734 1522 797 aliudesse

223 830 338 893 dicimt
347 847 471 896 errare,
497 826 577 887 aliud
601 847 757 906 peccare,
781 847 878 911 seque
891 826 952 890 illis
974 827 1156 910 praeceptis
1179 828 1303 911 egisse,
1333 849 1376 891 ne
1393 836 1523 907 erremus,

223 942 359 1007 peccare
382 931 485 982 autem
510 919 611 981 nibil
609 941 755 1002 magnum
778 942 847 983 esse
869 920 1011 983 diruisse.

310 1016 364 1077 db.
398 1016 507 1076 Taceo
541 1015 579 1075 de
613 1013 816 1089 homicidiis,
855 1013 1062 1096 parricidiis,
1100 1015 1317 1098 sacrilegiis,
1344 1016 1525 1100 omnibusque

188 1128 191 1132 ’
225 1109 377 1182 omnino,
402 1128 482 1191 quac
501 1106 570 1168 lieri
589 1116 643 1168 ant
666 1105 803 1189 cogitari
824 1120 969 1213 possunt,
993 1107 1136 1193 flagitiis,
1163 1120 1216 1170 aut
1238 1109 1444 1184 facinoribus,
1465 1132 1526 1192 quae

224 1201 334 1288 parteis
359 1204 484 1275 verbis,
511 1212 541 1262 et
567 1203 654 1284 qnod
678 1212 726 1264 est
749 1200 897 1285 gravius,
923 1203 1005 1283 apud
1027 1201 1278 1284 sapientissimos
1300 1203 1418 1265 indices
1444 1204 1528 1265 defen·

225 1302 360 1359 dueatur:
398 1295 486 1358 Nihil
517 1294 683 1369 consensi,
723 1307 754 1358 et
778 1295 851 1360 ideo
886 1316 950 1358 non
980 1296 1099 1373 erravi.
1160 1297 1332 1375 Quomodo
1360 1288 1465 1359 aulem
1481 1318 1528 1359 non

223 1393 361 1455 facerem
384 1391 473 1474 quod
492 1388 660 1471 probabile
687 1389 790 1454 visum
812 1387 884 1452 est?
908 1389 973 1469 Qui
1003 1402 1105 1454 autem
1133 1411 1196 1452 non
1219 1400 1333 1471 putant
1350 1390 1414 1452 ista
1434 1392 1528 1471 proba·

223 1486 328 1549 hiliter
358 1504 454 1567 posse
476 1484 680 1566 persuaderi,
705 1485 813 1568 legant
839 1483 1018 1548 orationem
1041 1483 1213 1560 Catilinae,
1243 1507 1307 1567 qua
1331 1484 1450 1567 patriae
1474 1506 1530 1565 par·

132 1628 135 1636 .
187 1586 188 1589 ’
223 1578 391 1651 ricidium,
430 1598 496 1658 qno
523 1598 587 1640 imo
618 1572 821 1641 chutinentur
847 1578 951 1641 omnia
968 1579 1116 1654 scelera,
1150 1578 1320 1661 persuasit.
1380 1580 1445 1641 Iam
1467 1576 1528 1639 illud

98 1694 103 1701 ·
183 1682 193 1701 ’·
223 1672 293 1758 quis
315 1693 379 1736 non
402 1670 509 1733 ridet?
545 1670 613 1755 lpsi
635 1673 761 1748 dicunt,
796 1673 874 1735 nihil
896 1694 929 1735 se
955 1673 986 1736 in
1012 1676 1138 1757 agendo
1161 1672 1252 1757 sequi
1277 1671 1336 1734 nisi
1357 1671 1525 1755 probabile,

140 1799 144 1811 ·
222 1779 254 1830 et
276 1776 432 1850 quaerunt
457 1786 574 1848 magno
598 1787 696 1846 opere
716 1766 898 1842 veritatem,
930 1789 1025 1849 quum
1049 1767 1094 1831 eis
1114 1767 1156 1829 sit
1179 1765 1349 1848 probabile
1373 1788 1436 1828 non
1453 1786 1526 1846 posse
1558 1788 1561 1801 ·

176 1874 198 1919 ἱ
219 1858 375 1923 inveniris
414 1859 445 1922 Ο
469 1858 579 1920 mirum
606 1863 802 1922 monstrum!
826 1862 891 1924 Sed
919 1861 983 1924 hoe
1007 1860 1211 1935 omittamus3
1235 1860 1336 1921 minus
1362 1858 1395 1921 id
1416 1860 1453 1921 ad
1471 1880 1525 1935 aps,

220 1954 323 2016 minus
346 1955 385 2015 ad
407 1952 490 2015 vitae
510 1963 641 2015 nostrae
663 1954 976 2029 discrimem-minus
998 1956 1037 2016 ad
1061 1953 1262 2022 fortunarum
1282 1952 1526 2034 pericnlum-per·

175 2053 178 2058 ’
221 2048 313 2110 tinet.
372 2048 456 2110 lllud
485 2057 534 2109 est
561 2047 724 2129 capitale,
761 2047 839 2110 illud
867 2046 1135 2124 formidolosum,
1173 2049 1266 2113 illud
1281 2045 1406 2128 optimo
1437 2047 1526 2130 cuique

223 2136 439 2217 metuendum,
479 2142 566 2222 quod
596 2141 688 2225 pelas
713 2161 825 2216 omne,
864 2141 891 2204 si
920 2142 997 2203 haec
1022 2142 1105 2208 ratio
1134 2142 1311 2225 probabilis
1338 2141 1417 2215 erit,
1454 2163 1528 2224 quun

222 2235 396 2318 probabile
424 2234 570 2316 cuiquam
604 2232 705 2296 ιὶιιιιιι
733 2234 830 2297 fuerit
865 2255 934 2297 esse
966 2234 1170 2314 facundiam,
1209 2248 1329 2301 tantuna
1360 2236 1436 2298 nulli
1461 2233 1529 2319 quasi

200 2331 304 2393 'vero
324 2328 534 2402 assentiatur,
558 2349 622 2391 non
643 2328 747 2392 solum
770 2328 837 2401 sine
863 2328 1013 2402 sceleris,
1038 2332 1095 2391 sed
1116 2328 1208 2393 etiam
1222 2328 1298 2397 ‚sine
1321 2330 1444 2397 erroris
1466 2328 1530 2390 vitn-

223 2425 389 2505 paratione
408 2423 595 2484 committat.
642 2423 728 2503 Quid
743 2421 850 2507 ergo?
873 2424 965 2488 Haec
983 2422 1028 2484 illi
1046 2444 1110 2486 non
1128 2424 1305 2492 viderunt?
1321 2423 1423 2488 Ιιιιιιιο
1438 2424 1528 2488 soller-

225 2516 341 2579 tissime
362 2514 667 2600 prudentissimeque
691 2517 855 2596 viderunt,
880 2539 938 2580 nec
960 2516 1037 2580 mihi
1062 2518 1128 2581 ullo
1149 2530 1246 2601 pacto
1269 2532 1390 2584 tantum
1414 2538 1526 2602 arroga-

204 2596 343 2684 serina,
381 2622 416 2673 ut
443 2610 495 2672 M.
523 2609 663 2673 Tullium
697 2609 800 2696 aliqua
826 2632 867 2674 ex
892 2622 983 2691 parte
1008 2632 1126 2697 sequar
1151 2611 1325 2691 industria,
1368 2612 1527 2699 vigilantia,

224 2702 377 2788 iugenio,
402 2703 564 2767 doctrina:
600 2703 672 2767 cui
667 2715 776 2767 tamen
795 2704 966 2779 asserenti,
997 2705 1074 2787 pihil
1095 2704 1179 2768 scire
1203 2729 1299 2786 posse
1317 2663 1528 2781 hominem,
1511 2725 1529 2765 ⁵¹

223 2799 286 2860 hoc
315 2798 418 2860 solum
447 2797 628 2861 diceretur:
667 2798 757 2862 Seio
771 2798 815 2862 ita
845 2797 947 2865 videri
981 2799 1075 2874 mihi3
1113 2802 1196 2862 trude
1228 2800 1261 2864 id
1292 2803 1455 2867 refelleret
1480 2817 1529 2865 aon

225 2892 370 2955 haberet.

308 2986 427 3048 XVII.
451 2985 504 3048 37.
478 2983 641 3067 Quid
631 2988 729 3073 igitur
752 2986 870 3071 placuit
888 2986 982 3049 tantis
992 2985 1078 3048 viris
1097 2988 1261 3070 perpetuis
1281 3001 1314 3053 et
1334 2925 1528 3072 pertinacibus

224 3076 482 3142 contentionibus
510 3103 626 3165 agere,
663 3104 702 3145 ne
722 3083 754 3144 in
778 3102 964 3168 quemqnam
989 3083 1102 3143 cadere
1130 3084 1198 3146 veri
1218 3085 1351 3147 seientia
1376 3086 1527 3150 videretur.

225 3173 377 3235 Audite
368 3194 427 3235 iam
449 3175 557 3267 paullo
581 3178 747 3250 attentius,
771 3196 838 3241 non
859 3173 936 3259 quid
957 3174 1072 3247 sciam,
1096 3178 1150 3241 sed
1172 3178 1246 3261 quid
1269 3178 1460 3242 existimem.
1479 3178 1527 3238 hoe

226 3266 306 3329 enim
327 3269 367 3329 ad
388 3266 529 3331 nltimam
553 3273 775 3345 reservabam,
811 3280 845 3332 nt
871 3267 1082 3349 explicarem,
1119 3270 1145 3340 si
1170 3292 1318 3378 possem,
1323 3276 1332 3319 t
1358 3275 1448 3358 quiale
1473 3266 1529 3335 mihi

226 3362 372 3425 videatur
393 3383 461 3426 esse
480 3374 581 3427 totum
600 3364 866 3429 Academicorum
890 3361 1067 3429 consilium,
1112 3364 1208 3429 Plato
1232 3367 1282 3429 vir
1304 3365 1526 3448 sapientissimus

229 3470 260 3519 et
282 3456 510 3524 eniditissimus
530 3469 714 3538 temporum
736 3478 886 3530 suorum,
912 3453 967 3537 quii
988 3467 1019 3518 et
1040 3456 1082 3518 ita
1104 3456 1229 3522 locutus
1252 3473 1318 3537 est,
1343 3475 1378 3525 ut
1397 3477 1528 3560 quaeeun-

224 3572 289 3632 que
310 3550 449 3626 diceret,
482 3573 592 3634 magna
614 3552 745 3627 fierent,
775 3564 805 3614 et
829 3572 863 3612 ea
888 3549 1011 3613 locutus
1038 3563 1102 3628 est,
1141 3567 1175 3616 ut
1198 3558 1478 3645 quomodocunque
1494 3547 1527 3609 u

228 3653 333 3716 ceret,
365 3665 463 3724 parva
490 3665 555 3707 non
578 3646 709 3720 fierent,
745 3645 858 3707 dicitur
884 3655 956 3725 post
983 3658 1115 3707 mortem
1141 3648 1283 3712 Socratis
1310 3642 1525 3732 magistriani,

228 3758 322 3828 quern
343 3738 546 3821 singulariter
566 3740 739 3813 dilexerat,
763 3761 781 3800 a
806 3736 1021 3820 Pythagoreis
1044 3739 1138 3800 etiam
1164 3743 1258 3803 miilta
1281 3743 1437 3806 didicisse.
1477 3740 1526 3815 Py·

162 3829 167 3838 '
227 3832 382 3915 thagoras
404 3844 508 3896 autem
532 3835 656 3897 Graeca
679 3832 880 3916 philosophia
898 3844 1165 3909 aoncontentns,
1190 3859 1269 3918 quiae
1287 3849 1359 3898 tum
1377 3838 1426 3898 a'nt
1446 3847 1525 3915 pacm

227 3926 312 3987 nulla
342 3936 430 3998 erat,
469 3939 521 3988 aut
546 3939 634 3991 certe
662 3928 891 4001 occultissima,
931 3938 1107 4009 postquam
1130 3943 1306 4009 commotus
1340 3928 1524 4007 pherecydae

229 4019 388 4083 catiusdam
412 4021 486 4100 Syri
508 4020 792 4103 disputationibus,
817 4019 1024 4084 iiraraortalem
1045 4042 1114 4085 esse
1136 4022 1270 4086 animum
1296 4024 1441 4097 credidit,
1462 4016 1525 4081 mul·

228 4125 280 4176 tos
302 4115 458 4194 sapientes
485 4115 576 4177 etiam
599 4117 696 4200 longe
722 4118 847 4198 lateque
870 4112 1090 4196 peregrinatus
1115 4117 1268 4181 audierat.
1324 4119 1426 4202 igitur
1449 4114 1524 4177 Pau

159 4218 164 4235 ¹
229 4209 374 4272 adiiciens
388 4209 493 4290 lepori
508 4210 735 4295 subtilitatique
756 4209 954 4280 Socraticae,
980 4229 1073 4291 quiam
1080 4203 1123 4271 in
1148 4212 1322 4290 ramalibus,
1340 4211 1462 4282 habuit,
1483 4225 1522 4266 nt·

228 4303 375 4366 turalium
402 4303 642 4389 divinarumque
668 4327 775 4369 rerum
802 4301 969 4385 peritiam,
1009 4323 1101 4383 quarn
1127 4306 1166 4365 ab
1194 4307 1238 4367 eis
1270 4329 1350 4388 quos
1375 4312 1523 4369 ιιιιιιιιίιιᾶ71

183 4402 186 4405 ’
230 4397 397 4480 diligenter
423 4410 605 4478 acceperat,
616 4401 885 4484 subiungensque
907 4394 995 4476 quasi
1019 4395 1234 4461 formatricem
1256 4401 1378 4464 illarum
1397 4395 1520 4492 partium

156 4546 174 4569 s
228 4491 425 4573 iudicemque
453 4492 670 4581 dialecticam,
707 4514 789 4578 quiae
818 4501 870 4554 aut
896 4489 966 4570 ipsa
996 4489 1096 4566 esset,
1135 4504 1188 4554 ant
1214 4494 1281 4557 sine
1307 4517 1369 4578 quaa
1397 4481 1520 4572 sapientia

230 4585 357 4650 omnino
387 4605 456 4647 esse
483 4607 546 4650 oon
575 4600 720 4668 posset,
745 4587 939 4669 perfectam
945 4580 1061 4650 <licitur
1085 4588 1303 4668 composuisse
1329 4577 1519 4688 philosophiae

231 4676 445 4758 disciplinam,
471 4680 509 4741 de
528 4701 590 4761 qua
613 4703 695 4759 princ
717 4681 871 4745 disserere
896 4677 1048 4757 temporis
1070 4702 1133 4745 non
1157 4693 1215 4744 est.
1262 4685 1317 4745 Sat
1340 4695 1385 4744 est
1407 4678 1477 4741 enim
1492 4666 1520 4731 ad

229 4768 261 4831 id
280 4772 366 4852 quod
385 4771 479 4846 volo,
505 4775 669 4855 Platonem
685 4776 818 4838 sensisse
836 4777 1165 4850 acascomarcos,
1191 4790 1285 4839 ιιιιιιιιι
1301 4768 1516 4856 intelligibilem,

102 4878 196 4965 p
231 4864 261 4924 in
277 4885 342 4946 qno
360 4864 428 4945 ipsa
452 4866 569 4929 veritas
588 4868 766 4943 habitaret,
789 4869 883 4931 istum
897 4878 1008 4932 aretem
1016 4868 1216 4944 sensibilem
1243 4892 1334 4953 quem
1353 4863 1516 4929 manifestatl

166 5046 170 5055 .
231 4969 277 5018 est
297 4978 355 5020 nos
379 4960 448 5023 visu
470 4969 619 5044 tactuque
642 4961 774 5024 sentire
817 4960 929 5096 Itaque
952 4963 1039 5081 illum
1061 4985 1190 5037 vertitu,
1215 4966 1297 5027 haine
1325 4964 1391 5027 veri
1414 4953 1516 5029 ,tantm

387 5144 394 5156 ι
405 5130 425 5155 θ

1570 5222 1571 5263 ι

1358 5386 1366 5415 ι
1568 5402 1571 5455 ι
