3226 5488
485 428 490 435 -
571 385 873 464 acannnucn.
933 454 939 463 ,
1316 374 1398 463 ata
1472 364 1497 458 .'

59 536 283 609 Phavorinusr
303 536 555 622 namprobacdi
575 537 698 622 species
720 548 787 616 est,
809 547 847 601 ut
867 536 1126 621 explicabamns,
1157 557 1221 622 qua
1242 535 1378 622 quisque

59 657 135 700 usus
167 634 364 717 probabilius
392 634 558 718 dignoscet
590 644 686 719 atque
707 642 821 695 sumet.
876 634 946 696 Nec
969 633 1050 696 enim
1071 631 1207 696 decretis
1229 634 1380 694 carebant

59 728 254 803 Academici,
278 731 333 792 sed
355 749 435 812 quae
457 732 586 792 decreta
607 728 798 812 selegerant,
822 727 1015 808 probabilia,
1040 749 1104 791 non
1119 737 1272 808 percepta
1286 737 1382 807 puta·
1419 731 1437 815 Ἰ

59 827 149 889 bant.
199 825 307 907 Atque
334 825 417 886 hanc
442 821 711 886 Academicorum
738 819 917 882 libertatem
939 819 1119 904 respexisse
1139 818 1248 902 potius
1271 821 1380 887 Hora·

60 918 157 982 tium¹
179 916 384 993 crediderim,
408 939 502 998 quum
524 915 698 979 scriberet:

192 1030 205 1043 i
229 1014 282 1076 Ac
302 1033 344 1075 ne
354 1008 463 1101 forte
485 1031 588 1093 roges
609 1029 677 1093 quc
698 1026 751 1070 me
772 1007 877 1082 duce,
901 1028 970 1090 quo
991 1009 1065 1070 tare
1085 1016 1201 1069 tuter:

210 1158 215 1169 .
233 1104 376 1170 Nullius
396 1104 555 1166 addictam
576 1102 694 1165 iurare
715 1101 750 1163 in
772 1102 876 1164 cerba
896 1101 1058 1183 magistri
1225 1168 1226 1172 ,

230 1202 308 1280 Quo
330 1220 382 1260 me
405 1219 535 1281 curaque
556 1196 649 1279 rapit
670 1207 854 1277 tempestas
875 1192 1021 1285 dfferor
1041 1197 1185 1277 hospes:
1253 1252 1255 1261 ,

62 1312 158 1376 qnam
179 1289 309 1355 illorum'
327 1289 591 1372 philosophorum
613 1289 807 1364 institutum,
842 1289 897 1370 qtti
923 1288 1115 1367 ἐκλοκτοκοί,
1152 1289 1275 1366 idest,
1298 1290 1382 1355 acle·

62 1398 191 1460 utores,
215 1395 288 1447 sunt
308 1382 545 1468 cognominatis
570 1381 631 1445 alia
653 1380 752 1458 enim,
783 1393 819 1445 ut
842 1381 999 1458 dicemus,
1030 1403 1088 1445 nec
1108 1381 1151 1444 ita
1173 1381 1274 1447 libera
1298 1384 1382 1450 istc·
1410 1448 1413 1453 i

60 1500 133 1543 rum
153 1478 255 1552 rati03
279 1489 310 1540 et
332 1489 366 1539 ut
387 1476 551 1552 existimo,
575 1487 650 1558 post
671 1473 801 1540 Horatii
822 1487 957 1539 aetatem
978 1474 1112 1557 primum
1135 1477 1278 1540 inventa.

30 1596 33 1613 ·
148 1573 338 1653 Exemplum
361 1592 442 1637 vero
461 1570 556 1633 huius
577 1570 610 1632 in
633 1569 796 1655 disciplina
818 1571 970 1631 tradenda
991 1569 1114 1632 formae
1136 1570 1226 1634 multi
1247 1572 1379 1636 Plutar-

61 1665 114 1730 chi
144 1672 317 1746 omnesque
347 1665 401 1727 M.
436 1662 535 1727 Tullii
564 1661 781 1746 philosophici
808 1662 883 1725 libri
911 1662 1092 1726 continent:
1126 1665 1164 1727 de
1192 1686 1257 1747 quo
1278 1664 1325 1728 sie
1346 1664 1380 1728 in

60 1760 162 1844 ipsius
191 1759 256 1820 vita
284 1750 494 1824 Plutarchus:
524 1752 697 1838 οοοτοὲξειςΙ
716 1761 778 1844 μὲν
809 1752 895 1834 ἰδίας
926 1750 1137 1848 φιλοσόφους
1167 1752 1382 1826 ἀπολέλοιπεν

61 1848 260 1937 οὐκ-,ὀλίγας
277 1845 324 1928 εἰς
344 1847 401 1916 τὸν
417 1844 663 1935 Ἀκαδημαϊκὸν
684 1845 828 1941 τρόπον,
852 1850 884 1914 id
906 1861 972 1913 est:
1011 1848 1135 1931 Scripta
1157 1848 1381 1932 philosophica

61 1946 191 2032 reliquit
212 1966 277 2007 non
297 1965 398 2025 pauca
420 1946 460 2006 ad
480 1943 699 2007 Academicam
718 1945 975 2008 consuetudinem
993 1956 1024 2007 et
1046 1942 1218 2006 disserendi
1239 1943 1377 2018 formam

61 2041 315 2105 accommodata.
372 2038 471 2101 Istum
493 2049 596 2101 tamen
619 2037 753 2103 docendi
775 2060 894 2103 morem
924 2036 1043 2113 Stoici,
1076 2047 1112 2100 ut
1132 2049 1164 2101 et
1184 2036 1378 2101 Academica

63 2133 190 2209 omnia,
219 2131 396 2215 exagitant,
434 2152 529 2215 qttum
562 2133 674 2195 eodem
700 2143 732 2194 et
752 2131 814 2214 ipsi
837 2152 952 2216 genere
973 2131 1160 2215 plerumque
1181 2131 1227 2194 uti
1248 2150 1381 2213 compe·

61 2227 201 2304 riantur,
226 2246 264 2288 ac
284 2224 416 2287 maxime
439 2223 656 2306 Chrysippus,
694 2236 728 2288 nt
749 2226 962 2290 Plutarchus2
983 2225 1164 2301 adnotavit,
1190 2223 1309 2289 eteius
1331 2220 1379 2286 rei

61 2320 243 2402 exemplum
275 2341 333 2382 nos
366 2340 463 2401 quum
496 2321 535 2380 de
567 2317 753 2401 Chrysippo
786 2338 970 2404 ageremus,
1002 2339 1044 2381 ex
1065 2320 1176 2381 eodem
1199 2317 1379 2381 Plutarcho

61 2413 299 2495 descripsimus.
343 2413 506 2475 Romanus
527 2411 597 2494 ipse
619 2413 730 2476 Ζοιιο3
752 2411 854 2475 libros
875 2430 950 2474 suos
972 2410 1019 2473 sic
1040 2410 1107 2495 legi
1127 2411 1197 2473 vult
1217 2421 1379 2494 tamquam
1444 2474 1451 2493 .

61 2509 130 2572 eius
152 2507 206 2592 qui
233 2518 364 2590 quaerat
386 2508 506 2581 adhuc,
531 2527 604 2571 ¹uon
626 2505 718 2593 sciat.
750 2507 860 2580 ,Non
889 2504 970 2568 enim
1003 2504 1130 2588 (inquit)
1159 2525 1209 2566 me
1230 2504 1379 2588 cuiquam
1471 2508 1474 2521 '

61 2599 258 2682 mancipavi,
283 2600 398 2663 nullius
420 2618 534 2665 nomen
555 2598 743 2694 icrc'fpcet.
794 2599 933 2665 Cicerol
965 2599 1099 2680 primum
1117 2598 1152 2661 in
1174 2597 1379 2680 philosophia

61 2695 171 2760 locum
193 2693 404 2758 Academicos
425 2707 534 2761 tenere
556 2715 597 2757 ex
618 2714 658 2758 eo
679 2695 828 2776 putabat,
863 2694 950 2777 quod
971 2694 1126 2758 secundae
1147 2690 1209 2754 illis
1231 2702 1339 2772 partes
1361 2712 1380 2755 a

60 2786 175 2851 ceteris
203 2787 494 2870 philosophantium
517 2787 610 2851 sectis
631 2787 692 2851 sibi
712 2788 830 2869 primas
858 2785 1088 2877 vindicantibus
1110 2787 1377 2859 concederentur.
1424 2802 1426 2805 ’

60 2883 114 2948 Sic
148 2882 379 2946 Themistocles
410 2880 532 2964 primus
558 2880 591 2944 in
623 2879 789 2945 Salaminia
820 2880 924 2955 navali
953 2901 1060 2965 pugna
1087 2879 1250 2957 habetur,¹
1291 2880 1380 2962 qnod
1484 2926 1486 2933 t

58 2989 242 3042 ceterorum
276 2977 473 3040 Graecorum
502 2973 631 3039 calculis
658 2976 815 3038 secundus
847 2974 946 3042 suerit
973 2973 1209 3057 pronuntiatus.
1263 2972 1379 3071 Atque

57 3072 140 3135 haec
160 3074 199 3145 de
229 3088 334 3146 nova,
368 3069 487 3144 idest,
525 3068 702 3134 Carneadis
728 3069 903 3135 Academia
930 3067 1079 3133 babuisse
1100 3088 1181 3154 quae
1203 3065 1379 3139 diceremus

57 3184 121 3249 pro
144 3163 249 3229 nostri
269 3162 389 3249 ingenii
410 3162 540 3230 modtdo
562 3184 626 3227 uon
649 3161 800 3247 exiguum
821 3161 976 3227 ducimus.

145 3257 305 3322 Carneadi
332 3266 436 3320 autent
464 3256 617 3320 successit
639 3255 857 3321 Clitomachus
881 3257 1013 3324 Poenus
1040 3255 1147 3340 patrio
1168 3253 1294 3321 nomine
1315 3254 1381 3320 As·

58 3352 177 3414 drubas
199 3363 291 3414 antea
320 3355 470 3427 vocatus,
509 3371 573 3413 non
602 3348 728 3433 quidem
749 3350 819 3433 ipse
840 3352 962 3433 primus
982 3350 1065 3416 inter
1089 3350 1263 3417 Carneadis
1284 3346 1380 3413 disci-

57 3445 171 3526 pulos:
204 3464 338 3527 namque
366 3442 453 3507 illam
481 3442 588 3506 locum
619 3444 754 3509 Mentor
774 3443 934 3537 Bithynus
953 3445 1087 3510 tennit⁵.
1150 3434 1272 3507 Verum
1294 3444 1380 3506 hunc

59 3536 242 3601 Carneades
262 3557 335 3599 cum
349 3535 463 3618 pellice
479 3538 706 3618 deprehensum
722 3540 1056 3620 (comprehendentem
1070 3536 1264 3620 phantasiam
1279 3534 1378 3600 fuisse

57 3629 155 3707 illam,
180 3651 245 3693 non
267 3629 468 3712 probabilem
484 3631 579 3695 modo
595 3629 776 3721 Carneades
789 3633 926 3699 fateatur
948 3636 1093 3715 oportet)
1115 3654 1157 3696 ex
1178 3630 1288 3697 schola
1308 3629 1378 3713 pri·
1404 3660 1406 3667 ⁴

58 3745 142 3785 mum
166 3720 318 3799 eiectum,
353 3722 443 3807 quasi
475 3724 664 3806 exheredem
687 3724 763 3788 secit
784 3737 816 3788 et
837 3726 1039 3791 successione
1060 3725 1213 3808 privavit.
1273 3724 1380 3791 Clito·

57 3817 190 3879 macbus
212 3838 293 3899 crgo
315 3816 470 3903 magistri,
493 3816 548 3902 qui
573 3816 650 3879 nihil
670 3817 701 3880 in
723 3817 851 3899 scriptis
872 3820 1064 3905 reliquerat,
1088 3819 1273 3883 sententiam
1297 3817 1380 3882 scri·

57 3907 120 3990 ptis
143 3910 302 3973 mandavit
323 3922 355 3973 ct
376 3904 495 3973 docuit.
555 3909 757 3978 Clarissimus
780 3933 860 3976 vero
889 3912 973 3977 inter
995 3911 1188 3976 Clitomachi
1208 3910 1380 3979 familiares

57 4001 156 4067 Philo
184 4003 312 4088 quidam
332 4003 396 4068 fuit
416 4003 643 4080 Larissaeusfi,
666 4005 731 4068 hoc
757 4002 837 4072 enim
859 4018 1075 4091 cognomento
1099 4009 1183 4087 apud
1205 4007 1380 4070 Stobaeum

58 4096 318 4179 cognominatum
349 4097 474 4180 reperi,
514 4099 599 4179 apud
633 4119 727 4182 quem
760 4111 791 4162 ct
816 4101 946 4166 moralis
978 4098 1201 4184 philosophiae
1223 4097 1381 4182 exquisita

57 4190 189 4271 partitio
212 4212 254 4254 ex
275 4189 413 4257 Philone
434 4191 499 4254 hoc
519 4190 674 4258 refertur.
733 4193 837 4273 Quum
867 4207 969 4258 autem
990 4196 1098 4278 plures
1120 4195 1230 4256 eodem
1252 4190 1379 4256 nomine

58 4285 155 4346 urbes
170 4283 313 4361 duerint,
338 4306 379 4350 ex
409 4307 472 4368 qua
500 4285 632 4349 Larissa
664 4285 706 4350 sit
727 4288 864 4351 nondum
887 4301 1086 4371 compertum
1106 4287 1225 4357 habeo.
1268 4285 1381 4370 Atqus'

60 4379 163 4441 omnia
190 4379 315 4469 quddam
344 4382 383 4442 dc
412 4377 551 4445 Philone
578 4379 643 4442 hoc
671 4373 704 4442 in
726 4382 865 4455 obscuro
886 4393 979 4448 sunt:
1022 4405 1082 4453 nec
1103 4385 1184 4450 enim
1206 4396 1282 4468 post
1303 4385 1380 4449 satis
1489 4371 1497 4439 Ϊ

60 4468 241 4559 diligentem
276 4471 512 4557 indagationem
542 4493 623 4560 qnae
652 4471 795 4557 qualisve
830 4473 929 4557 ipsius
957 4477 1113 4545 sententia
1139 4479 1255 4555 fuerit,
1294 4489 1327 4546 et
1346 4477 1381 4541 iu

62 4638 142 4652 a

133 4727 170 4797 (¹)
189 4728 280 4802 Epist,
301 4728 367 4787 1.1.
389 4736 414 4788 1.
434 4747 459 4783 v.
479 4733 525 4789 13.
571 4729 608 4797 (²)
628 4727 669 4782 De
689 4727 792 4784 Stoicis
813 4730 1065 4790 contrarietatibus.
1112 4733 1148 4803 (³)
1170 4733 1275 4789 Seneca
1296 4739 1377 4808 epist.

58 4801 105 4860 di·
141 4800 181 4876 (t)
199 4802 280 4877 Apud
298 4807 332 4859 ὓ.
353 4804 468 4877 August.
487 4817 587 4856 contra
604 4801 688 4858 acsi
707 4803 726 4858 l.
746 4811 773 4866 5.
793 4821 818 4860 s.
839 4810 866 4863 7.
885 4808 910 4873 §.
929 4810 975 4867 16.
1001 4807 1041 4880 (5)
1059 4808 1156 4864 Lab'rt.
1174 4814 1205 4863 in
1226 4809 1378 4867 Carneade.

59 4876 94 4943 l,
125 4879 171 4939 65.
199 4879 357 4941 Numenius
378 4878 459 4961 ‘apud
482 4877 584 4937 Euteb.
610 4894 734 4954 praepar.
760 4878 780 4934 l.
801 4880 846 4938 ili.
866 4881 898 4935 C.
918 4887 945 4941 8.
964 4900 992 4955 p·
1012 4888 1075 4949 758.
1126 4882 1164 4960 (⁶)
1184 4887 1299 4940 Hieron.
1319 4885 1381 4942 adr.

61 4948 165 5010 lorias.
184 4952 204 5012 l.
225 4960 251 5016 1.
272 4954 306 5010 Τ.
326 4959 353 5011 2.
367 4973 401 5033 p.
421 4957 485 5017 154.
524 4953 673 5013 Philonem
691 4959 787 5014 nescio
806 4960 889 5031 quem
908 4955 1058 5017 Carneadis
1077 4965 1243 5040 magistrum
1264 4961 1345 5019 dicit.
1428 5000 1436 5013 .

1345 5116 1356 5149 t
