3226 5488
847 262 854 295 ,
912 272 916 281 ,

202 412 264 476 tlt
643 412 786 477 PETRI
814 411 1096 475 VALEN'I'IAE
1606 404 1609 567 q

372 553 430 609 Ios.
448 552 556 606 Olivetr'
565 592 574 618 ,
595 551 685 607 Acad.
706 552 781 608 Gall.
791 554 886 620 ἐπῆ,
906 551 941 604 de
959 562 1075 605 auctore
1095 561 1125 605 et
1143 548 1225 625 opere
1244 542 1387 604 iudicium.
1537 534 1541 542 ¹

291 686 410 752 Petrus
434 685 604 760 Valentia,
642 696 717 749 ortu
740 682 981 761 Cordubensis,
1021 684 1075 767 qui
1096 706 1130 746 se
1151 697 1261 746 tamen
1279 683 1483 746 Zalreuscm
1507 681 1554 744 in·
1602 690 1609 755 Ἰ

120 824 132 869 ,
208 782 356 865 scripsit,
382 781 470 865 quod
492 778 649 862 originem
671 799 689 841 e
711 779 812 841 Zalrt
832 790 1012 860 repeteret,
1039 779 1159 861 oppido
1182 779 1213 841 in
1229 781 1374 840 extrema
1397 776 1553 839 Baetica.
1608 766 1609 773 ἵ

206 880 319 942 Homo
343 897 406 939 raon
430 872 609 957 vulgariter
631 876 762 949 doctus,
794 870 921 957 etqui,
949 873 1057 936 nescio
1081 895 1119 935 au
1142 874 1279 938 omnium
1301 870 1553 944 sollertissime,

160 1046 163 1053 Ι
206 972 239 1037 in
262 970 382 1034 veteris
403 966 626 1051 philosophiae
649 968 743 1048 adyta
764 979 1001 1049 penetraverat.
1045 966 1254 1031 Academica
1272 965 1452 1030 Ciceronis
1471 985 1556 1048 quae

163 1124 170 1131 .
205 1075 395 1146 supersunt,
427 1062 552 1137 mutila,
581 1061 719 1146 ideoque
749 1064 905 1136 obscura,
938 1083 1001 1126 non
1031 1063 1184 1124 brevibus
1207 1061 1333 1146 quidem
1357 1059 1556 1147 disiunctis-

166 1197 176 1213 ·
207 1179 269 1243 que
299 1156 449 1233 scholiis,
490 1168 522 1218 at
551 1156 725 1220 continenti
755 1156 901 1220 oratione
930 1157 974 1220 ita
996 1157 1196 1240 explanavit,
1235 1167 1269 1217 nt
1292 1154 1369 1223 mihi
1393 1155 1496 1216 solus
1520 1174 1557 1215 ca

206 1251 401 1315 intellexisse
422 1250 581 1314 videatur.
639 1249 730 1332 Opus
761 1251 840 1313 illud
862 1253 1013 1332 hacteuus
1035 1252 1248 1327 rarissimum,
1283 1249 1473 1333 paucisque
1499 1269 1557 1311 co·

210 1343 350 1431 gnitum,
375 1345 494 1426 prodiit
516 1366 557 1407 ex
579 1343 705 1408 officina
725 1345 945 1422 Plautiniana,
970 1368 1053 1411 auno
1075 1347 1129 1408 M.
1152 1345 1196 1408 D.
1220 1343 1352 1408 XCVI.

187 1452 189 1456 ’
344 1439 467 1543 κΡιιιοῐ.
490 1460 566 1504 suae
580 1439 683 1515 ,sire
705 1440 833 1506 consilii
855 1445 894 1505 de
916 1443 1038 1505 edendo
1064 1440 1172 1506 Cicer.
1196 1438 1303 1505 Paris.
1328 1434 1408 1500 editi
1432 1460 1476 1520 p.
1504 1436 1557 1498 13.
1609 1436 1610 1445 ’

694 1638 1059 1673 un*—

481 1970 526 2063 ιι.
562 1993 840 2060 suussmn
873 1994 943 2062 nn
977 1968 1276 2061 mousson·

192 2144 440 2246 ῬιιιιιΡΡι
464 2169 536 2260 ιιι,
556 2165 929 2241 mseuumuum
948 2166 1205 2240 rnrucnus
1222 2164 1560 2243 rnnrcrssrmr

751 2350 1004 2405 currentium

586 2502 746 2567 PETRUS
766 2508 820 2566 DE
840 2507 1057 2566 VALENTIA.
1079 2508 1104 2564 Ι.
1127 2507 1179 2588 C„

190 2669 305 2823 ‘Qui
328 2722 430 2785 libros
453 2724 572 2796 edrmt,
611 2740 707 2805 quum
734 2720 823 2793 initio
847 2720 950 2783 statim
975 2721 1094 2807 ingenii
1115 2721 1299 2786 tenuitatem
1321 2722 1559 2806 temporisque

45 2865 51 2875 ,
127 2886 130 2901 .
211 2817 373 2901 augustias
393 2826 564 2891 excusant,
604 2836 669 2878 uon
691 2815 862 2900 legitimam
885 2836 945 2879 nec
962 2818 1173 2899 accipiendam
1201 2816 1446 2886 excusationem
1476 2819 1559 2879 affe·-

199 2922 305 2991 ,runtt
345 2912 511 2976 ostendant
533 2909 615 2973 enim
645 2920 779 2992 oportet
798 2932 831 2973 se
855 2921 886 2973 et
915 2914 953 2973 ad
979 2913 1179 2977 scribendum
1205 2914 1300 2977 etad
1327 2910 1557 2973 festinandum

212 3010 368 3071 coactos.
413 3005 489 3088 Ego
509 3002 635 3087 quidem
661 3003 730 3066 iure
758 3005 821 3068 hoc
846 3025 864 3066 a
885 3026 935 3067 me
956 3005 987 3067 in
1011 3005 1090 3070 alios
1112 3017 1231 3069 statuto
1251 3005 1299 3069 uti
1320 3024 1384 3067 non
1407 3025 1557 3068 recuso.

212 3099 339 3162 Verum
359 3107 477 3181 quauta
498 3096 665 3179 imperium
683 3108 770 3160 tuum
792 3097 867 3159 milri
890 3099 1058 3161 necessitas
1080 3099 1139 3174 sit,
1164 3100 1265 3180 palam
1285 3108 1350 3160 este
1375 3118 1482 3180 quam
1505 3120 1556 3160 me

159 3210 170 3231 ¹
210 3190 339 3257 iusseris
360 3189 532 3264 festinare,
565 3190 626 3253 scis
649 3190 737 3273 ipset
772 3202 805 3253 ut
827 3190 853 3252 si
876 3190 1010 3272 cuipiam
1038 3213 1173 3275 unquam
1198 3210 1234 3254 ea
1260 3190 1308 3254 uti
1334 3192 1557 3254 excusatione

103 3359 113 3365 ¹
136 3318 142 3327 ·
193 3285 317 3361 *licuit,
343 3285 418 3348 mihi
437 3297 524 3349 certe
543 3284 648 3347 liceat.
693 3287 861 3370 Nunquam
881 3285 1026 3370 equidem
1049 3306 1112 3369 ego
1132 3284 1207 3347 mihi
1222 3287 1414 3367 persuadere
1438 3280 1554 3365 potui,

213 3378 369 3447 eiusmodi
389 3379 507 3463 ingenii
530 3378 591 3440 mei
611 3378 736 3442 fructus
759 3400 851 3453 esse,
877 3390 911 3441 nt
933 3379 986 3442 vel
1010 3379 1224 3442 indoctiornm
1246 3378 1354 3459 palato
1376 3391 1552 3457 saperent,

152 3478 155 3489 '
212 3477 328 3537 ncdum
348 3483 404 3534 tuo
425 3471 644 3535 subtilissimo.
690 3473 753 3552 Qut
777 3493 857 3557 ergo
876 3472 935 3535 tihi
956 3474 1164 3554 apponendos
1183 3469 1420 3535 existimarem?
1449 3476 1555 3554 quum

212 3568 306 3631 etiam
331 3587 390 3628 nec
412 3564 445 3627 in
466 3587 556 3629 more
569 3563 623 3628 ·sit
643 3566 783 3647 positum
807 3577 860 3628 ant
882 3569 1011 3640 deceat,
1049 3577 1084 3653 ut
1106 3577 1159 3628 arrt
1182 3565 1244 3627 diis
1264 3577 1316 3626 ant
1337 3564 1553 3646 principibus

212 3659 291 3723 viris
314 3658 466 3743 gregaria
487 3671 520 3721 et
537 3660 622 3722 nulla
642 3660 813 3742 praecipua
831 3658 1066 3742 pulchritudine
1085 3659 1217 3744 insignia
1233 3679 1327 3741 poma
1347 3659 1552 3722 offerantur.

211 3756 258 3818 At
288 3774 383 3838 quum
406 3764 517 3817 noster
538 3754 647 3836 qualis,
669 3753 772 3836 qualis
793 3765 859 3828 est,
900 3754 1039 3838 agellus,
1073 3764 1145 3815 tuus
1168 3752 1226 3829 sit,
1265 3773 1344 3834 quos
1366 3751 1393 3815 is
1414 3752 1552 3816 fructus

212 3847 315 3920 ferat,
340 3847 462 3927 petenti
484 3868 548 3910 non
570 3847 716 3929 protinus
739 3847 796 3909 tihi
818 3848 935 3910 offerre
957 3847 1110 3921 nefarium
1124 3845 1223 3921 foret.
1268 3844 1428 3908 Mittimus
1449 3868 1549 3931 ergo,

213 3941 266 4004 vir
286 3939 514 4017 illustrissime,
539 3962 651 4029 eorum
673 3963 754 4025 quse
775 3943 1008 4023 imperaveras,
1033 3953 1154 4023 partem
1179 3942 1328 4013 alteram,
1367 3941 1551 4024 quasi‘gu-

215 4046 316 4107 stum,
342 4034 415 4093 dum
438 4046 650 4097 maturescunt
671 4036 813 4119 reliqna:
837 4056 895 4101 nes
917 4034 998 4097 enim
1020 4047 1074 4096 tua
1096 4034 1257 4097 festinatio
1273 4032 1459 4115 longiorem
1478 4052 1548 4099 roo·

102 4120 107 4125 ¹
214 4149 281 4190 ram
304 4147 436 4207 passura
458 4127 638 4190 videbatur.
684 4131 764 4192 Sunt
786 4139 889 4190 autem
912 4129 1022 4209 priora
1044 4124 1144 4204 haee,
1171 4148 1251 4211 quae
1274 4138 1308 4187 t'u
1331 4126 1549 4191 Academica·

214 4243 286 4286 rum
316 4221 369 4283 M.
394 4220 493 4283 Tullii
522 4222 741 4303 quaestionum
770 4221 1013 4286 illustrationem
1035 4235 1180 4304 spectare
1203 4220 1349 4283 volebas.
1408 4222 1548 4283 Acade·

217 4315 325 4389 mica,
363 4312 429 4375 sive
451 4313 492 4376 de
514 4314 643 4378 iudicio
664 4314 836 4391 veritatis,
875 4315 1116 4398 inscripsimus:
1154 4317 1222 4379 sere
1245 4312 1327 4376 enim
1351 4325 1455 4377 totam
1479 4337 1547 4378 eam

217 4408 434 4494 quaestionem
456 4407 638 4470 absolvunt.
683 4407 758 4472 Scio
782 4431 873 4492 quam
897 4409 938 4472 sis
960 4412 1038 4472 haec
1061 4410 1152 4472 avide
1174 4406 1335 4479 lecturus,
1360 4419 1396 4468 ut
1415 4409 1545 4473 illorum

155 4558 163 4579 .
215 4512 437 4587 argumentum
460 4499 619 4581 explicare
641 4523 705 4565 non
728 4514 890 4584 oporteat.
934 4505 1114 4585 Exspectet
1136 4501 1248 4586 aliquis
1272 4502 1354 4577 (nam
1373 4510 1412 4562 te
1434 4502 1470 4563 id
1486 4523 1568 4583 nou¹

214 4602 404 4676 exspectare
432 4604 522 4655 certo
551 4594 633 4677 scio)
665 4596 854 4658 ut·laudum
882 4609 1006 4658 tuarum
1034 4608 1158 4678 partem
1187 4594 1234 4674 (id
1258 4593 1340 4655 eamr
1362 4594 1545 4658 hrriusmoh'

105 4728 107 4739 ι
166 4680 190 4713 ’·
215 4686 362 4768 epistolis
386 4685 530 4749 sollenne
551 4686 611 4750 iam
636 4694 696 4768 est)
717 4690 770 4753 htc
792 4690 962 4753 collocem.
1007 4693 1082 4753 Non
1103 4689 1230 4752 faciam.
1265 4687 1367 4750 Nimis
1391 4701 1545 4772 angustus

175 4860 196 4871 Γ
215 4781 326 4853 locus,
351 4777 379 4840 si
400 4778 453 4839 vel
475 4779 597 4842 minora
618 4792 671 4843 tun
694 4785 828 4857 decora,
854 4805 974 4867 genus,
999 4782 1182 4867 dignitatem
1206 4784 1296 4861 (haec
1311 4780 1394 4841 enim
1411 4783 1544 4845 maxims

212 4871 340 4935 minora
362 4881 414 4930 tua
437 4875 522 4950 sunt)
544 4894 793 4938 commemorare
817 4877 922 4939 velim.
966 4878 1075 4959 Atque
1096 4878 1176 4937 haec
1192 4875 1316 4959 quidem
1334 4876 1403 4936 laus
1421 4877 1542 4939 minime

216 4960 460 5051 philosophica,
497 4977 530 5029 et
560 4987 641 5048 quae
670 4968 895 5052 philosophico
928 4970 1049 5057 scripto
1083 4992 1147 5035 non
1179 4973 1297 5033 decore
1330 4972 1539 5057 praeligatus.
1597 4978 1606 4989 '
