3188 5492
184 417 317 505 ,an
352 388 356 395 ’
433 406 471 425 ”’
642 374 843 489 auuami
869 422 1130 491 accusatur

207 561 309 635 Nihil
329 578 480 647 magnum
501 572 568 655 est,
600 562 752 671 iuquam,¹
784 564 860 631 alio
876 564 981 630 simili
990 564 1096 630 uti·
1091 565 1199 633 Νιιιι
1221 578 1262 630 ut
1275 566 1345 632 sine
1365 568 1457 645 nasi,
1488 573 1525 635 rel

218 659 363 743 quolibet
385 658 556 737 vehiculo,
589 670 643 722 sut
665 659 816 735 omnino,
846 681 887 723 ne
902 659 992 729 ιιι
981 681 1091 766 ipsum
1109 661 1285 725 Daedalum
1307 662 1450 739 timeam,
1478 665 1526 731 siue

193 751 290 829 rrtlis
312 755 352 817 sd
371 754 454 817 hanc
474 774 543 818 rem
564 753 812 819 accommodatis
833 753 1072 831 instrumentis,
1097 768 1151 817 aru
1167 754 1274 840 aliqua
1289 756 1465 821 occultiore
1481 782 1525 841 pn

202 847 335 922 ntentia,
370 848 536 934 Aegaeum
570 869 658 911 mare
687 869 782 912 nemo
814 846 1019 952 transmittit,
1058 848 1214 954 qpamuis
1237 849 1315 913 nihil
1345 851 1430 915 aliud
1460 874 1530 937 quan

192 940 390 1023 peruenire
406 938 590 1023 proponat,
616 945 821 1025 quodquam
845 941 874 1008 ei
896 942 1056 1017 evenerit,
1081 938 1136 1006 illa
1151 943 1256 1008 omnia
1272 943 1388 1051 quibus
1404 947 1528 1010 adrectis

117 1062 119 1073 ¹
219 1047 286 1107 est,
317 1047 447 1118 paratus
475 1035 515 1098 sit
548 1034 686 1100 abiicere
709 1048 804 1120 atque
827 1042 1054 1105 contemnere.
1091 1037 1135 1100 ita
1156 1038 1301 1124 quisquis
1323 1043 1365 1134 ad
1386 1040 1530 1122 sapientiae

205 1142 349 1236 portum
371 1143 402 1193 et
424 1129 517 1211 quasi
536 1129 749 1194 firmissimum
774 1141 806 1193 et
828 1131 1058 1215 quietissimum
1081 1132 1185 1197 solum
1207 1120 1379 1215 peruenire
1402 1135 1529 1208 voluerit,

154 1225 388 1308 quoniam,
412 1235 446 1288 ut
467 1222 528 1290 alia
550 1224 712 1300 omittam,
737 1224 764 1288 si
779 1246 891 1289 caecus
907 1246 951 1288 ac
963 1228 1078 1289 surdus
1093 1225 1210 1302 luerit,
1235 1248 1300 1292 uon
1315 1239 1444 1310 potest,
1466 1231 1533 1312 quod

38 1394 40 1403 .
150 1400 152 1405 ⁴
218 1321 359 1402 positum
375 1317 467 1383 estin
483 1329 642 1399 potestate
656 1318 826 1393 fortunae,
817 1319 1062 1419 ,neeessariam
1084 1319 1160 1382 mihi
1182 1321 1307 1385 videtur
1329 1326 1372 1385 ad
1393 1323 1444 1399 id,
1465 1326 1532 1408 quod

219 1411 424 1495 concupivit,
447 1413 568 1475 habere
590 1411 764 1501 fortunam.
810 1413 907 1492 Quod
929 1434 1025 1501 quum
1045 1413 1236 1489 obtinuerit,
1260 1415 1409 1500 quamvis
1425 1430 1532 1499 putetur

218 1505 361 1592 indigere
384 1505 572 1591 quibusdam
593 1508 690 1569 rebus
713 1508 752 1569 ad
775 1506 925 1587 corporis
947 1507 1159 1577 valetudinem
1188 1509 1443 1590 pertinentibus,
1472 1510 1532 1573 illud

91 1593 95 1601 ’
146 1582 152 1605 ’
218 1612 324 1665 tamen
346 1609 491 1673 constat,
514 1621 580 1667 nou
601 1600 650 1663 bis
674 1622 756 1706 optus
778 1622 859 1676 esse,
884 1614 920 1663 ut
941 1600 1067 1682 sapiens
1089 1603 1142 1678 sit,
1165 1606 1225 1667 sed
1246 1615 1281 1667 ut
1305 1603 1391 1669 inter
1412 1605 1533 1668 homines

214 1697 491 1800 ,vivat.1mmq,
524 1694 567 1757 ιιι
588 1694 659 1770 ille,
695 1693 722 1758 ιι
745 1716 858 1758 caecus
882 1717 919 1759 ac
941 1698 1055 1759 surdus
1085 1698 1144 1772 sit,
1176 1711 1209 1762 et
1238 1698 1425 1779 sapientiam
1453 1698 1531 1780 adipi·

211 1794 385 1898 scendum,
408 1802 441 1853 et
461 1789 567 1872 ipsam
586 1788 704 1867 vitam,
728 1801 982 1875 propterquam
1005 1789 1159 1905 sapientia
1176 1793 1366 1878 quaeritur,
1392 1814 1459 1857 anea
1477 1813 1531 1856 seu

184 1886 340 1967 tentia,
364 1885 434 1949 ittae
456 1896 651 1949 contemnet.
1132 1914 1144 1923 -

266 1984 337 2048 d.
362 1982 506 2056 tamen,
529 1977 676 2063 inquam,
707 2001 803 2087 ιιιιιιηι
824 1978 896 2065 ipsa
918 1977 983 2043 vita
1004 1990 1136 2057 nostra,
1165 2002 1249 2065 qna
1244 1982 1314 2044 hic
1326 1982 1478 2059 sivimus,
1483 1982 1532 2044 ιιι

218 2076 252 2141 ιιι
279 2087 439 2160 potestate
468 2075 640 2151 fortunae,
674 2090 737 2138 nec
763 2075 825 2138 uisi
853 2075 965 2161 vivens
997 2074 1131 2158 quisque
1162 2073 1291 2155 sapiens
1324 2073 1399 2140 fieri
1431 2076 1530 2159 possit,

216 2193 324 2241 nonne
345 2170 507 2237 latendum
529 2180 596 2245 est,
620 2185 706 2251 opus
729 2180 800 2235 esse
821 2169 894 2232 eins
912 2154 1047 2272 favore,
1082 2171 1212 2250 quoad
1230 2169 1419 2251 sapientiam
1440 2190 1531 2273 perre-

94 2262 116 2316 '·
203 2264 359 2331 hamur?
381 2265 444 2326 Sed
466 2285 561 2347 quum
584 2262 757 2345 sapientia,
781 2261 903 2347 iuquit,
926 2283 990 2326 non
1013 2261 1079 2325 nisi
1096 2261 1278 2326 viventibus
1299 2262 1342 2337 sit
1364 2262 1528 2337 necessaria,
1559 2266 1560 2271 ’

219 2371 408 2467 remotaque
431 2357 496 2424 vita
519 2358 604 2426 nulla
626 2358 667 2424 ιιι
688 2357 862 2443 indigentia
884 2354 1074 2439 sapientiae,
1107 2356 1214 2418 nihil'
1206 2379 1237 2418 ru
1259 2361 1465 2442 propaganda
1483 2357 1530 2419 vita

161 2454 412 2549 pertimesco
435 2446 612 2517 fort'unam.
668 2452 796 2517 Etenim
818 2452 894 2536 quia
923 2450 1021 2528 vivo,
1052 2461 1227 2532 propterea
1251 2452 1328 2514 volo
1350 2451 1529 2535 sapientiam,

218 2556 295 2613 non
315 2550 416 2632 quod
435 2546 620 2640 sapientiam
650 2545 822 2622 desidero,
861 2545 940 2611 volo
971 2543 1081 2609 vitam.
1140 2545 1232 2608 Unde
1260 2545 1392 2622 fortuna
1426 2540 1529 2610 siniti

221 2638 389 2707 abstulerit
411 2641 526 2717 eitam,
566 2640 691 2707 auferet
716 2661 857 2709 caussam
879 2630 1078 2725 quaerendae
1101 2637 1314 2721 sapientiae..-
1345 2639 1461 2705 Nihil
1453 2636 1528 2723 igitur

204 2738 356 2818 babeo,
371 2755 430 2798 cur
451 2746 486 2797 ut
499 2735 580 2799 llam
588 2733 747 2839 sapiens,
772 2746 827 2799 aut
847 2733 992 2797 savorem
1017 2744 1124 2814 optem
1145 2732 1312 2810 fortunae,
1346 2746 1402 2797 aut
1422 2729 1530 2836 impuli·

219 2841 325 2895 menta
342 2829 533 2907 Ἰιοιιιιιιιιιι,
565 2827 624 2890 nisi
647 2826 707 2905 alia
727 2828 865 2893 fortasse
886 2826 1073 2911 protuleris.
1130 2829 1319 2915 Turmogos
1345 2831 1434 2897 ,Non
1454 2824 1528 2912 igiter

158 2998 163 3003 ,
210 2946 331 2993 ‚cenem
354 2921 523 3006 sapientiae
545 2920 723 2987 studiosum
743 2942 840 3004 posse
863 2921 1043 2997 afortuna,
1068 2941 1107 2984 ne
1123 2923 1162 2983 ad
1177 2921 1360 3004 sapientiam
1377 2921 1529 3006 perveniat,

219 3008 387 3103 impediri,
409 3017 502 3081 etiam
525 3015 552 3081 si
577 3015 606 3087 ei
626 3037 691 3087 non
713 3016 836 3080 atrserat
859 3014 979 3081 vitam?
1001 3017 1078 3079 Non
1101 3015 1264 3092 arbitror,
1288 3016 1406 3101 inquit.
1493 3030 1495 3033 ’

208 3162 216 3175 .
252 3152 256 3159 ·
305 3108 374 3183 111.
398 3112 430 3177 5.
454 3112 565 3186 Volo,
588 3110 735 3194 inquam,
760 3111 838 3174 mihi
858 3111 1033 3193 paullulum
1055 3109 1199 3191 aperias,
1224 3110 1300 3194 quid
1320 3110 1381 3173 tibi
1402 3111 1477 3176 inter
1492 3126 1528 3168 sa·

219 3209 359 3293 pientenr
388 3217 421 3269 et
449 3204 678 3287 philosophum
708 3203 826 3269 distare
848 3203 1016 3273 videatur?
1052 3202 1234 3309 Sapientem
1257 3225 1275 3266 a
1296 3207 1440 3270 studioso
1446 3250 1457 3282 ,
1480 3201 1526 3276 ait,

213 3305 306 3373 nulla
327 3323 364 3366 re
383 3301 522 3372 differre
545 3299 705 3375 arbitror,
728 3299 789 3362 nisi
811 3302 900 3383 quod
921 3318 1055 3385 quarum
1077 3318 1185 3361 rerum
1206 3296 1240 3362 in
1262 3299 1406 3381 sapiente
1428 3296 1527 3383 quiden

200 3399 349 3469 habitus
374 3396 476 3471 inest,
514 3415 623 3458 earum
651 3392 753 3459 estin
774 3392 924 3469 studioso
943 3391 1216 3476 solallagrautia.
1276 3394 1367 3473 Quae
1392 3404 1460 3457 sunt
1477 3401 1528 3452 tau·

159 3484 179 3521 ’
221 3497 310 3558 dem
320 3492 400 3564 istae
428 3510 500 3564 res,
536 3479 692 3593 inquam?
724 3488 806 3554 Νιιη
836 3486 913 3549 mihi
933 3487 1012 3549 nihil
1034 3487 1120 3552 alind
1140 3487 1267 3551 videtur
1288 3487 1455 3565 interesse,
1485 3478 1529 3546 nisi

188 3589 317 3670 quod
333 3587 415 3653 alter
436 3584 496 3652 seit
516 3581 720 3665 sapientiam,
746 3580 826 3645 alter
848 3580 929 3645 seire
952 3581 1121 3645 desiderat.
1168 3582 1202 3644 Si
1224 3581 1409 3658 scientiam,
1431 3577 1525 3663 inquit,

183 3678 370 3786 '‚nrodestq
405 3679 469 3743 liae
497 3675 705 3752 determinas,
746 3674 847 3767 ipsam
876 3698 944 3738 rein
976 3675 1102 3758 planius
1132 3675 1276 3741 elocutus
1309 3695 1355 3745 es.
1412 3677 1525 3758 Quoquo

174 3774 368 3851 ,-ιηοι]ιι,’
359 3793 507 3856 mquam,
530 3792 599 3839 eam
621 3771 846 3848 determinem,
870 3771 948 3836 illud
971 3773 1117 3839 omnibus
1129 3772 1297 3855 placuit,
1308 3772 1464 3845 scientiam
1482 3763 1526 3829 l'al

194 3886 329 3939 aarum
350 3888 459 3931 rerum
481 3886 550 3936 esse
572 3884 638 3933 non
659 3885 768 3945 posse,
819 3817 858 3929 Iis
879 3867 944 3935 hoe
966 3866 1061 3942 mihi,
1091 3867 1196 3972 inquit
1216 3866 1293 3943 ille,
1319 3868 1389 3930 visa
1409 3863 1465 3928 suit
1483 3859 1525 3922 ob

221 3958 355 4026 iicienda
383 3958 616 4042 praescriptio,
655 3979 694 4021 ne
723 3959 955 4023 inconsiderata
977 3961 1186 4037 consensione
1209 3978 1278 4024 mea
1299 3959 1441 4023 facilem
1460 3951 1525 4035 prifl-

158 4112 161 4121 ι
222 4056 334 4138 cipalis
357 4055 448 4131 illius,
462 4053 656 4139 quaestionis
679 4054 799 4136 campis
821 4063 877 4115 tua
897 4052 1054 4136 equitaret
1081 4053 1202 4131 oratio.
1248 4054 1371 4130 Plane,
1405 4051 1523 4152 ιηιιιιιῐιι

166 4150 298 4235 mihi
319 4149 399 4221 nihil
419 4150 474 4213 irbi
496 4149 640 4234 equitare
660 4169 796 4230 possem
810 4147 981 4231 reliquisti.
1038 4149 1121 4213 Natu
1144 4147 1205 4210 uisi
1226 4148 1344 4224 iallor,
1367 4146 1450 4231 qnod
1467 4136 1525 4207 itm

221 4247 340 4312 dudum
374 4243 511 4318 molior,
547 4243 622 4311 ιιι
613 4264 716 4324 ipsum
744 4242 840 4307 linem
868 4239 1083 4323 pervenimus.
1139 4241 1176 4303 Si
1203 4241 1304 4317 enim,
1343 4254 1378 4304 ut
1397 4232 1523 4315 subtiliter

174 4359 365 4446 vereque
387 4334 513 4412 dixisti,
550 4335 628 4401 nihil
655 4337 738 4409 inter
760 4332 947 4418 sapientiae
943 4336 1132 4401 studiosum
1155 4347 1188 4398 et
1209 4337 1384 4417 sapientem
1403 4333 1537 4397 interest,

223 4434 283 4500 nisi
305 4434 417 4538 quod
414 4428 475 4495 iste
495 4441 600 4505 amat,
624 4429 679 4497 ille
702 4441 806 4495 antem
827 4430 926 4493 habet
940 4430 1111 4510 sapientiae
1126 4428 1340 4512 disciplinam,
1364 4430 1441 4495 unde
1454 4418 1522 4485 etiam

223 4548 342 4595 nomen
374 4526 496 4606 ipsum,
529 4523 560 4589 id
582 4535 650 4601 est,
681 4523 822 4591 habiturn
845 4525 1000 4606 quendam
1022 4524 1205 4629 exprimere
1226 4545 1293 4587 non
1313 4532 1467 4587 cunctatus
1484 4528 1522 4575 ts·

212 4634 317 4687 nemo
340 4629 458 4688 autem
467 4619 587 4685 habere
610 4617 805 4699 disciplinam
827 4629 936 4702 potest
956 4617 988 4679 in
1013 4617 1117 4684 auimo
1141 4619 1197 4702 qui
1219 4618 1298 4682 nihil
1322 4617 1441 4690 didicit,
1467 4606 1504 4673 nh
1484 4599 1521 4664 hil

213 4710 328 4794 autem
351 4712 458 4781 didicit
481 4712 537 4795 qni
557 4713 635 4776 nihil
658 4712 766 4789 novit,
802 4722 834 4774 et
856 4734 951 4779 nosse
972 4712 1101 4778 falsum
1110 4733 1204 4777 nemo
1225 4723 1357 4817 potest:
1382 4694 1522 4781 sonitui·

170 4817 292 4873 tur
298 4806 423 4888 sapiens
445 4806 629 4911 veritatem,
653 4825 748 4890 quem
770 4805 965 4887 disciplinam
987 4805 1159 4887 sapientiae
1180 4805 1329 4869 habere‘
1320 4828 1353 4871 ιιι
1373 4803 1504 4868 ιηιιηοιΙ
1496 4786 1518 4850 Ν

225 4899 544 4976 est,habitum1am
564 4900 634 4981 ipse
657 4898 1072 4976 contemnendane,
1094 4900 1217 4985 inquit,
1242 4901 1329 4964 cuius
1345 4884 1518 4987 impudentiae

226 4994 323 5075 sim,
335 4993 367 5057 si
389 4994 531 5103 habitum
560 4993 773 5077 inquisitionis
802 4993 980 5058 divinarum
1009 4996 1277 5093 humanarumque
1303 5015 1409 5061 rerum
1427 4976 1517 5052 ,sarit

78 554 86 583 l

749 5132 811 5173 ι’]

774 5178 784 5199 Χ
