3188 5492
237 103 335 171 ,p

266 393 463 462 courua
484 372 1194 463 acauerucosntr'.11.c.1'r
1333 399 1396 473 ιιι

57 556 330 631 commemorem,
368 520 457 623 quis,
494 528 642 644 inquam,
679 543 744 603 tam
775 533 883 601 subito
912 558 1051 622 unquam
1083 548 1205 607 tantum
1236 498 1397 620 intonuit,

57 624 250 717 tantumque
278 631 393 697 lumine
422 632 534 697 mentis
556 630 709 708 emicuit,
743 642 779 697 ut
809 632 888 695 sub¹
925 651 990 697 uno
1025 631 1157 697 fremitu
1193 634 1329 699 rationis
1364 646 1398 699 et

57 728 199 810 quodem
232 725 451 791 coruscamine
485 724 733 807 temperantiae,
763 747 829 791 uno
859 724 910 788 die
941 722 1014 801 illa,
1054 725 1159 809 pridie
1193 729 1396 805 saevissima,
1477 782 1480 791 ,

56 821 188 904 penitus
216 822 320 887 libido
350 820 557 885 moreretur?
595 821 730 928 Ergone
752 841 819 885 non
840 833 987 902 erumpet
1008 814 1212 906 aliquando
1203 835 1261 885 ista
1283 823 1399 899 virtus,

56 927 89 979 et
110 917 291 981 multorum
312 916 546 1022 desperantium
573 915 658 981 risus
688 914 721 979 iu
751 917 934 979 horrorem»
954 928 1183 1021 stuporemque
1214 924 1400 994 convertet,
1453 976 1454 981 ,

54 1023 90 1075 et
111 1011 258 1077 locuta
248 1032 281 1077 m
304 1010 400 1077 terris
421 1011 512 1095 quasi
542 1013 697 1094 quaedam
725 1009 910 1073 futurorum
938 1010 1047 1096 sigua,
1076 1032 1213 1089 rursus,
1249 1010 1400 1094 proiecto

44 1092 156 1171 'totins
180 1105 334 1187 corporis
356 1125 455 1173 onere
476 1117 623 1169 recurret
644 1104 678 1171 in
700 1102 855 1167 caelum?
866 1105 1012 1187 Ergone
1043 1105 1243 1203 Augustinus
1266 1107 1304 1169 de
1329 1107 1400 1170 Ro·

55 1198 210 1263 maniano
239 1200 361 1267 frustra
390 1199 452 1265 ista
480 1199 584 1263 dixit?
621 1201 698 1265 Non
720 1198 800 1261 siuet
822 1198 895 1275 ille,
919 1199 971 1263 cui
994 1221 1042 1265 me
1065 1188 1168 1267 totum
1192 1201 1280 1277 dedi,
1306 1222 1400 1284 quem

56 1315 141 1359 nunc
163 1315 406 1379 recognoscere
428 1294 622 1380 aliquantum
649 1293 755 1373 coepi.
896 1358 898 1365 ,

142 1389 194 1453 ΙΙ.
221 1389 255 1452 3.
279 1390 373 1472 Ergo
395 1392 576 1473 aggredere
599 1410 720 1455 mecum
741 1386 998 1470 philosophiam.
1035 1389 1088 1452 hic
1119 1399 1168 1452 est
1193 1387 1346 1472 quidquid
1368 1400 1400 1452 te

56 1483 188 1546 anxium
220 1503 325 1564 saepe
349 1494 442 1565 atque
472 1483 664 1553 dtthitantem
693 1481 882 1545 mirabiliter
909 1484 992 1546 solet
1021 1504 1169 1589 ιιιιιιιιει
1216 1504 1283 1547 ιιοιι
1316 1483 1400 1546 elsim
1449 1548 1452 1569 ι
1497 1538 1502 1555 .

57 1588 167 1640 metuo
192 1588 251 1639 aut
272 1597 290 1638 a
312 1575 456 1639 secordia
479 1598 622 1681 rnorem,
657 1588 711 1639 aut
740 1598 758 1638 a
787 1577 964 1641 tarditate
955 1577 1074 1682 mgeuii
1095 1577 1154 1641 tui.
1186 1576 1294 1657 Quis
1318 1577 1399 1641 euim

58 1680 101 1746 te,
126 1672 261 1752 quaudo
286 1669 480 1776 aliquantum
502 1670 664 1752 respirare
687 1693 874 1735 concessum
899 1682 966 1747 cst,
990 1671 1023 1735 iu
1050 1642 1252 1735 sermonibus
1279 1669 1399 1734 nostris

59 1761 273 1847 vigilantior,
299 1762 371 1846 quis
394 1762 519 1828 acutior
541 1764 711 1845 apparuit?
733 1767 868 1851 Ergone
890 1765 949 1829 tihi
964 1765 1102 1850 gratiam
1117 1788 1182 1829 non
1201 1763 1400 1845 repensabo?

60 1857 117 1921 An
141 1856 285 1925 fortasse
313 1858 486 1940 paullulum
513 1857 643 1923 debeo?
681 1861 734 1923 Tu
755 1879 805 1923 me
834 1860 1104 1923 adolescentulum
1137 1860 1330 1941 paupereml
1360 1861 1402 1929 ad
1478 1933 1488 1944 φ

59 1949 237 2034 peregrina
259 1949 360 2016 studia
382 1963 588 2037 pergentem,
629 1963 662 2015 et
683 1955 800 2027 doure,
837 1965 868 2015 et
890 1965 1042 2035 sumptu,
1066 1965 1097 2016 et
1119 1954 1223 2037 (quod
1243 1953 1315 2034 plus
1337 1954 1401 2029 est)

9 2116 10 2119 ι
60 2045 165 2109 animo
191 2043 366 2127 excepistis
406 2049 458 2113 Τιι
478 2059 572 2127 patre
596 2048 745 2111 orbatum
766 2037 904 2113 amicitia
925 2049 1188 2123 consolatns'es,
1215 2047 1401 2115 hortatione

60 2138 230 2215 animasti,
254 2139 504 2221 ope'adiuristi.
559 2142 611 2203 Tu
633 2141 665 2205 in
687 2153 802 2206 nostro
823 2143 896 2224 ipso
919 2141 1112 2223 municipio,
1142 2142 1277 2216 favore,
1307 2141 1401 2205 fami-

60 2233 218 2309 liaritate,
244 2226 529 2305 communicatione
552 2237 663 2299 domus
686 2247 759 2302 tuae
775 2256 875 2320 paene
897 2249 1010 2299 tecum,
1025 2238 1145 2312 clarum
1170 2235 1400 2320 primatemque

62 2349 110 2392 me
133 2328 253 2393 fecisti.
300 2331 352 2392 Tu
376 2328 602 2415 Carthaginem
625 2328 1041 2412 illustriorisprolessionis
1070 2332 1173 2415 gratia
1195 2342 1398 2406 remeantem,

16 2420 24 2432 '
63 2444 159 2508 quum
194 2421 255 2489 tibi
285 2436 316 2486 et
345 2444 487 2489 meorum
520 2424 598 2488 nulli
633 2424 800 2489 consilium
831 2444 951 2530 meum,
992 2444 1146 2508 spemque
1184 2424 1399 2506 aperuissem,
1497 2494 1512 2502 d

61 2518 209 2601 quamvis
239 2518 433 2603 aliquantum
462 2517 518 2583 illo
548 2519 605 2585 tibi
634 2519 750 2594 insito,
788 2517 862 2600 quia
889 2517 975 2580 ibi.
967 2539 1029 2583 ram
1070 2520 1223 2581 docebam
1234 2517 1401 2600 ,epatriae

63 2632 173 2678 amore
204 2623 373 2677 atrectatus
393 2633 459 2691 cs,
494 2624 601 2676 tamen
629 2612 684 2676 ubi
711 2611 860 2677 evincere
890 2612 1101 2679 adolescentis
1132 2613 1337 2719 cupiditatem
1360 2614 1418 2679 ad

64 2726 117 2783 ea,
142 2728 227 2789 quae
250 2707 440 2771 ridebantur
461 2706 606 2782 meliora,
630 2706 784 2773 tendentis
807 2705 963 2789 nequisti,
987 2728 1030 2769 cx
1052 2707 1294 2770 dehortatore
1274 2730 1317 2769 tn
1347 2709 1402 2768 ad-

64 2799 206 2865 intorem
229 2800 309 2865 mira
332 2801 571 2884 benevolentiae
594 2801 812 2869 moderatione
834 2821 1009 2865 conversus
1034 2821 1080 2865 es.
1140 2802 1192 2863 Τιι
1214 2800 1401 2865 necessariis

65 2895 214 2959 omnibus
243 2894 305 2958 iter
334 2893 566 2959 adminiculasti
585 2916 703 2959 meum.
762 2896 816 2981 Tu
843 2893 959 2958 ibidem
988 2915 1120 2971 rursus,
1155 2894 1211 2979 qui
1245 2893 1402 2959 cunabula
1480 2932 1483 2941 ,

43 2998 97 3071 ,el
115 2989 209 3072 quasi
231 2989 336 3053 nidum
356 2986 535 3052 studiorum
557 3009 700 3053 meorum
722 2986 865 3064 foveras,
891 2988 952 3051 iam
976 2988 1088 3051 volare
1114 2989 1257 3054 audentis
1276 3001 1400 3057 susten·
1483 3053 1486 3059 ,

66 3081 361 3149 tasti‘rudimeuta.
405 3084 458 3147 Τιι
480 3081 592 3157 etiam,
617 3104 715 3164 quum
735 3094 767 3147 te
790 3083 920 3147 ahsente
942 3094 1038 3166 etque
1060 3072 1228 3167 ignorante
1253 3078 1402 3165 n'avigas·

66 3177 164 3256 sern3,
191 3169 273 3239 'nihss
301 3191 511 3251 succensens,
535 3179 624 3261 quod
644 3197 708 3248 non
732 3182 838 3241 tecum
859 3175 1139 3245 communicassem
1174 3189 1210 3239 ut
1241 3177 1398 3251 solerem,

68 3280 162 3354 etque
185 3271 271 3335 aliud
291 3269 419 3354 quidvis
439 3291 532 3354 quem
545 3265 783 3335 'murmurium
806 3269 991 3352 suspicans,
1026 3269 1169 3333 mansisti
1189 3269 1400 3335 inconcussus

66 3361 99 3425 in
120 3364 297 3439 anticitia;
311 3385 371 3427 nec
392 3363 463 3445 plus
486 3374 558 3427 aute
579 3364 692 3427 oeulos
714 3375 787 3431 tuos
809 3363 904 3427 liheri
926 3364 1045 3429 deserti
1065 3386 1084 3429 a
1106 3365 1280 3450 magistro,
1305 3383 1400 3447 quarn

68 3471 198 3525 nostrae
220 3457 337 3529 mentis
353 3457 525 3538 penetralia
548 3456 736 3541 puritasque
758 3470 884 3537 versata
905 3471 966 3522 est
1049 3488 1053 3503 ι
1439 3526 1444 3531 ,

143 3555 186 3618 t.
218 3554 392 3618 Postremo
419 3546 572 3635 quidquid
593 3555 632 3614 dc
655 3552 723 3615 otio
747 3573 819 3617 meo
841 3552 936 3617 modo
960 3555 1107 3638 gaudeo,
1140 3524 1265 3637 quoda
1287 3552 1402 3634 sup'er·

68 3644 202 3712 finarum
226 3647 433 3729 cupiditatum
456 3645 591 3710 vinculis
613 3645 759 3721 evolavi,
792 3648 879 3727 quod
905 3644 1059 3728 depositis
1083 3646 1234 3713 oneribus
1258 3656 1401 3711 mortua

70 3758 139 3804 rum
161 3762 329 3817 mirarum,
353 3740 497 3822 respiro,
521 3739 697 3822 resipisco,
727 3741 826 3805 redeo
848 3744 978 3817 adme,
1001 3746 1089 3826 quod
1110 3762 1232 3827 quaero
1254 3740 1401 3811 intentis·

72 3832 165 3898 simus
195 3835 379 3911 veritatem,
418 3836 506 3918 quod
535 3834 677 3897 invenire
698 3833 759 3897 iam
782 3835 969 3918 ingredior,
1004 3840 1092 3920 quod
1113 3858 1162 3899 mc
1185 3838 1224 3898 ad
1245 3856 1401 3901 summum

72 3926 197 4007 ipsum²⁸
219 3931 347 3993 modum
368 3920 597 4011 perventurum
619 3950 698 3993 esse
712 3929 852 4005 conlido,
877 3941 914 3993 tu
933 3929 1096 4006 animasti,
1120 3942 1155 3993 tu
1177 3928 1340 4012 impulisti,
1354 3939 1401 3990 ‚tu

74 4022 199 4090 fecistis
242 4023 343 4089 Cuius
373 4035 477 4093 antem
507 4022 650 4100 minister
671 4022 790 4097 fucris,
821 4023 893 4104 plus
916 4025 1018 4086 adhuc
1040 4025 1101 4087 lide
1122 4024 1276 4106 concepi,
1307 4043 1402 4113 quarn

74 4117 198 4184 ratione
220 4117 460 4199 comprehendi.
505 4118 587 4180 Nam
607 4136 706 4200 qtutm
728 4119 900 4199 praesens⁵
923 4118 1083 4199 praesenti
1104 4119 1161 4182 tibi
1183 4117 1401 4199 exposuissem
1456 4110 1459 4119 “

71 4207 244 4278 interiores
257 4222 362 4276 tuctus
377 4210 470 4275 animi
485 4211 565 4286 mei,
590 4212 856 4295 vehementerque
872 4232 909 4275 ac
920 4212 1045 4294 saepius
1059 4215 1259 4288 adsererem,
1284 4211 1401 4276 nullam

73 4304 154 4368 mihi>
169 4305 271 4370 videri
293 4326 483 4387 prosperam
504 4305 684 4380 fortunato,
716 4305 776 4371 nisi
802 4306 1002 4390 quae‘ot'rum
1023 4307 1273 4389 philosophandi
1295 4310 1402 4378 darete
1482 4349 1484 4352 ι
1586 4376 1587 4385 ι

73 4398 337 4471 nullambeatam
351 4401 473 4486 tritam,
498 4401 559 4465 nisi
580 4423 644 4485 qua
665 4399 696 4465 in
718 4400 924 4482 philosophia
948 4401 1131 4465 viveretur:
1163 4405 1218 4465 sed
1240 4422 1289 4464 me
1311 4411 1401 4463 tanto

76 4508 217 4557 meorum
234 4515 356 4571 onere,
379 4495 581 4579 qnorum⁸ea
604 4494 709 4558 officm
732 4515 805 4560 mco
828 4488 1081 4577 vitapenderet,
1106 4495 1274 4579 multisque
1293 4514 1403 4557 neces·

74 4582 235 4664 sitatibus,
276 4589 327 4653 vel
357 4588 430 4651 vani
460 4588 521 4652 mei
547 4589 701 4671 pudoris,
737 4589 796 4655 vel
816 4588 942 4671 ineptae
964 4611 1108 4653 meorum
1130 4580 1276 4654 miseriae
1297 4587 1403 4653 refre-

77 4678 164 4744 nari:
187 4692 251 4745 tam
273 4703 390 4767 magno
411 4704 447 4747 es
469 4683 568 4749 elatus
590 4683 823 4768 grndioptam
837 4694 950 4749 sanmo
971 4683 1064 4747 buius
1085 4683 1169 4749 vitae
1191 4682 1403 4746 inflammatus

79 4773 206 4852 ardore,
242 4788 278 4840 ut
309 4788 341 4841 te
363 4777 504 4885 diceres,
541 4779 570 4843 si
590 4790 626 4843 ιιι
648 4781 687 4843 ab
709 4778 834 4842 illantm
856 4779 1121 4884 importunarum
1138 4776 1239 4842 litium
1268 4775 1404 4840 vinculis
1500 4818 1507 4831 ι
1586 4770 1587 4777 '

78 4862 180 4950 aliquo
202 4873 300 4935 modo
322 4871 528 4949 eximereris,
551 4871 663 4940 omnia
679 4893 749 4936 ntea
771 4872 898 4983 vincula
919 4870 1011 4936 etiam
1026 4870 1207 4957 patrimonii
1221 4872 1267 4939 tui
1281 4892 1404 4937 mecum
1509 4904 1512 4911 ·

79 4959 317 5049 participatione
339 4977 521 5050 rupturum
