3188 5492
238 372 301 453 208
460 369 525 437 DE
547 368 737 436 FINIBUS
757 370 994 437 Bonosum
1013 371 1079 443 ΕΤ
1101 371 1353 451 uiaLORUnt
1437 382 1446 399 ‘

238 510 312 600 quis
335 507 638 577 semimutato
660 529 724 575 nou
745 510 882 575 maxime
903 509 1033 587 laudati
1055 509 1106 577 ctu
1129 509 1251 583 Tubuli
1272 532 1386 583 nomen
1406 513 1472 580 odio
1489 538 1534 583 rou

165 678 171 689 .
237 590 311 673 eati
344 604 417 690 quis
448 603 626 669 Aristidem
654 624 719 668 nou
740 608 924 669 mortuum²
946 603 1074 690 diligit?
1107 604 1162 673 An
1185 604 1421 684 obliviscimur,
1448 623 1534 693 quanto

181 739 184 754 ι
240 721 342 782 opera
363 698 404 762 iu
426 696 584 783 audiendo
611 696 664 760 in³
686 697 889 785 legendoque
911 720 1117 776 moveamur,
1141 721 1239 786 quum
1254 699 1326 782 pie,
1350 724 1441 784 quum
1455 704 1535 782 amice,

239 815 339 880 quum
352 777 469 876 maguti
484 790 590 856 animo
605 788 724 877 aliquid
733 790 853 856 factum
865 791 1115 878 cognoscimus?
1137 794 1192 857 oi.
1216 793 1303 874 Quid
1314 794 1443 880 taquw
1453 799 1484 859 dc
1495 821 1535 863 uo·

161 964 165 971 1
238 887 300 964 bis,
318 886 424 973 qniad
438 887 562 955 laudem
577 887 661 949 etad
677 887 773 951 decus
786 886 869 962 usti„
896 888 1053 971 stuccpti‚
1071 885 1208 953 instituti
1222 888 1355 957 tumus?
1377 889 1437 971 Qui
1449 892 1537 957 clano·

187 1016 211 1059 g
238 1003 292 1044 rea
313 981 402 1067 nitigi
417 991 520 1065 atque
542 979 766 1062 imperitorum
794 980 978 1047 excitantur
1002 980 1035 1045 in
1050 980 1204 1060 theatris,
1227 1003 1325 1067 qutun
1343 983 1397 1049 illa
1408 984 1536 1049 dicuntur:

365 1068 371 1079 ’
408 1075 489 1157 Ego
509 1092 589 1138 aum
609 1076 764 1141 Oreetffi

235 1182 414 1255 annuaque
437 1170 477 1234 ab
499 1168 620 1244 altero,

405 1265 520 1329 Immo
532 1263 714 1329 enimuero
734 1285 802 1348 ego
823 1285 919 1341 mou.
943 1264 1103 1349 iuquam,
1125 1266 1290 1332 Orestes!

238 1360 344 1440 Quum
366 1371 470 1421 atttem
493 1356 587 1420 etiam
610 1356 713 1422 exitus
728 1359 769 1421 ab
792 1369 930 1443 utroque
943 1362 1036 1423 datur
1050 1361 1246 1424 conturbato
1261 1357 1537 1444 errantique⁵regi2

238 1453 390 1531 †umbot
407 1473 495 1536 ergo
511 1472 583 1516 uun
598 1451 715 1517 uiuere
724 1453 951 1536 precamurlr
964 1489 1006 1502 -
1031 1453 1158 1538 quoties
1173 1453 1238 1516 hoc
1252 1453 1380 1538 agitur,
1406 1453 1539 1538 *ecquan-

123 1602 130 1609 ,
235 1552 321 1615 donc
329 1549 354 1624 ⁷,
378 1541 439 1611 nisi
460 1545 720 1631 admirationibus
741 1546 911 1611 maximis?
933 1550 1038 1613 Nemo
1060 1558 1108 1611 esi
1130 1544 1249 1629 igitur,
1274 1546 1373 1635 quiu⁸
1394 1549 1470 1611 lianc
1485 1549 1540 1610 alie·

114 1650 121 1727 J
236 1642 376 1707 ctionem
398 1639 639 1723 animiprobet‘
655 1653 751 1725 atque
771 1641 898 1717 laudet;
932 1664 995 1727 qna
1017 1662 1080 1709 nou
1103 1645 1201 1706 modo
1224 1642 1342 1707 utilitas
1367 1643 1450 1734 nulla
1468 1662 1539 1727 quae·

133 1734 139 1767 :
234 1736 338 1812 uitur,
361 1737 418 1797 sed
439 1746 553 1798 contra
575 1735 741 1800 utilitatem
762 1734 856 1798 eiiam
878 1747 1090 1809 conservatur
1110 1736 1202 1798 fides.
1227 1737 1281 1799 oli.
1306 1736 1439 1801 Talibus
1460 1755 1539 1811 eren·

187 1820 190 1826 “
234 1830 297 1914 plis
319 1850 384 1894 uon
405 1829 501 1910 liciae
523 1829 627 1893 solum
648 1829 796 1905 fanniae,
828 1850 940 1893 versun
963 1828 1056 1897 etiam
1077 1829 1230 1904 historiae
1253 1829 1394 1911 relectae
1416 1841 1494 1904 suut,
1519 1837 1539 1890 ct

235 1926 362 2011 quidem
391 1912 527 1986 maxime
560 1934 701 1987 nostrae.
760 1924 834 1988 Nos
853 1922 936 1986 euim
958 1926 999 1986 ad
1019 1945 1112 1987 sacra
1133 1925 1230 1989 Idaea
1251 1923 1455 2006 aecipieada⁹
1478 1921 1538 2004 opi·

170 2085 174 2097 .
235 2041 320 2083 mutu
345 2018 447 2081 rirtmt
468 2016 665 2102 delegimns3
700 2037 759 2086 uos
780 2025 903 2080 tutores
926 2018 1066 2083 misimus
1087 2018 1238 2103 regibus3
1268 2017 1376 2082 nostri
1396 2016 1539 2098 imperato·

234 2111 289 2178 res
310 2114 376 2195 pro'
395 2111 497 2174 saltate
518 2111 642 2192 patriae
664 2132 720 2175 aua
741 2109 846 2194 capita
870 2123 1049 2195 voverunt3
1080 2113 1182 2191 nostri
1205 2112 1354 2176 consules
1377 2132 1480 2196 regem
1497 2107 1538 2171 ini·

233 2205 456 2281 micissimum,
495 2205 660 2271 moenibus
693 2204 757 2269 iam
784 2205 1112 2292 appropinquantem,
1152 2219 1362 2281 intonuerunt,
1399 2225 1417 2268 a
1445 2221 1538 2266 veneno

234 2313 269 2368 ut
277 2303 304 2342 ¹⁰
326 2310 473 2374 caveron
493 2310 607 2367 nostru
628 2299 660 2363 in
682 2299 868 2383 republica
890 2311 922 2365 et
943 2303 1060 2386 qttae¹¹
1082 2301 1220 2382 pervim
1233 2300 1378 2363 oblatum
1391 2297 1538 2382 stuprum1²

169 2468 172 2473 ξ
235 2394 416 2460 voluntaria
437 2402 542 2459 morte
563 2393 688 2470 luerat,
711 2393 839 2457 inventa
860 2404 927 2469 est,
951 2406 983 2458 et
1004 2393 1060 2479 qui
1080 2393 1276 2458 interficeret
1296 2393 1416 2472 liliam,
1440 2413 1476 2455 ne
1492 2400 1538 2452 siu·

233 2501 405 2573 praretur:
428 2508 511 2572 quae
524 2486 661 2572 ‘quidem
683 2485 790 2551 omnia
811 2499 842 2550 et
863 2487 1104 2552 iuuttmerabilia
1124 2499 1310 2572 practerea,
1334 2488 1408 2573 quis
1429 2498 1483 2560 esi,
1502 2479 1539 2567 qul

233 2605 298 2650 uon
320 2581 494 2666 intelligat,
527 2593 560 2645 et
581 2602 656 2658 eos,
687 2582 743 2665 qui
762 2580 898 2645 feceriut
907 2582 944 2659 ¹³,
966 2582 1133 2665 diguitatis
1154 2576 1327 2666 splendore
1351 2585 1479 2654 ductos,
1497 2576 1538 2639 iu·

233 2698 391 2747 memores
423 2675 521 2759 sitisse
549 2674 719 2741 utilitatum
747 2696 895 2751 auarum,
932 2697 1074 2762 nosque,
1088 2698 1196 2763 quum
1218 2696 1256 2740 ea
1277 2675 1457 2773 laudemus,
1477 2669 1538 2743 uult

147 2818 150 2829 .
233 2770 293 2835 alia
316 2792 372 2846 re,
397 2770 459 2833 nisi
478 2772 645 2845 honestate
667 2767 790 2833 ducil-
940 2770 943 2779 ⁴
1256 2832 1261 2841 ,

226 2871 230 2877 ’
317 2864 456 2930 ΧΧΙΙΙ.
480 2863 605 2944 Quibus
627 2863 723 2927 rebus
747 2861 902 2946 expositis
923 2863 1115 2939 breviter¹⁴,
1139 2865 1211 2944 (nec
1232 2861 1316 2926 enim
1333 2885 1406 2930 sunt
1426 2858 1536 2941 copiam,

231 2976 326 3045 quam
347 2958 459 3042 potui,
482 2958 558 3044 quia
577 2956 733 3022 dubitatio
755 2954 789 3021 iu
809 2979 846 3021 re
868 2957 988 3021 nulla¹⁵
1011 2969 1099 3034 erat,
1121 2969 1310 3041 persecutus
1319 2957 1345 3038 ,)
1368 2958 1431 3027 scd⁸
1445 2953 1486 3016 his
1501 2970 1538 3012 re·

231 3056 291 3117 bus
313 3052 513 3121 cuncluditur
534 3051 706 3134 prolecto,
730 3062 762 3113 ot
782 3050 924 3117 uirtutes
940 3073 1071 3129 omnes,
1095 3065 1127 3116 et
1147 3053 1317 3117 honestum
1339 3051 1441 3125 illud,
1469 3043 1541 3130 quod

205 3165 207 3168 ⁴
230 3170 272 3212 ex
293 3147 342 3211 his
363 3144 740 3217 viritttibus'exoritur¹⁶
762 3156 795 3208 ct
814 3144 848 3209 in
867 3145 917 3226 hie
938 3147 1067 3221 haeret,
1091 3167 1150 3228 per
1164 3167 1201 3209 se
1215 3145 1320 3213 esse¹⁷
1335 3142 1537 3225 expetendum·

230 3243 292 3305 65..
308 3243 347 3305 ln
369 3240 456 3304 omui
477 3251 580 3303 autem
609 3239 766 3313 honesto,
800 3240 839 3301 dc
861 3230 926 3322 quo
948 3239 1128 3322 loquimur,
1163 3237 1242 3305 nihii
1265 3249 1313 3301 cst
1334 3248 1399 3299 tam
1420 3236 1536 3304 illustre,

228 3330 1535 3357 mm

296 3374 402 3449 (1)-
424 3370 567 3429 mutuus
592 3374 625 3426 V.
654 3372 697 3426 M.
723 3373 756 3426 L.
807 3372 844 3442 (2)
863 3402 901 3416 -
926 3384 1066 3428 marterum
1084 3390 1142 3428 unu
1161 3369 1231 3431 eid.
1251 3376 1315 3446 aliq.
1336 3375 1379 3430 Iu.
1403 3375 1448 3427 Cr.
1467 3371 1501 3425 M.
1515 3367 1538 3417 b·

228 3448 268 3520 (³)
288 3459 351 3501 cum
370 3446 441 3502 cdd.
459 3448 492 3500 V.
513 3450 603 3503 Grut:
616 3448 697 3520 Seqq.
717 3477 756 3490 -
773 3466 831 3503 om.
850 3449 905 3503 boc
923 3455 954 3502 iu
972 3452 1005 3505 P.
1025 3452 1067 3506 lu.
1087 3452 1134 3506 Cr.
1154 3452 1197 3505 M.
1214 3451 1248 3503 L.
1285 3452 1325 3519 (4)
1343 3466 1383 3504 co
1401 3448 1538 3520 laqueist

226 3523 356 3581 uolebant
375 3524 589 3596 Morgenstem,
607 3524 762 3591 Matthiae,
781 3526 819 3581 G.
839 3528 868 3578 in
888 3523 978 3600 aud.)
1004 3525 1073 3585 Sub.
1087 3532 1114 3582 2.
1135 3527 1173 3596 (⁵)
1191 3552 1232 3572 ·-
1247 3525 1428 3597 humentique
1440 3527 1474 3579 1).
1482 3536 1538 3591 susp.

227 3598 266 3673 (θ)
294 3599 342 3652 Sic
367 3614 497 3672 corrupte
523 3598 612 3662 Edu..
640 3602 694 3652 uisi
722 3599 797 3670 quod
821 3598 885 3654 inde
911 3605 1028 3657 aGrut.
1049 3604 1139 3657 ambo.
1159 3613 1198 3646 -’-
1215 3602 1296 3654 aruba
1315 3619 1388 3669 ergo
1406 3598 1458 3652 sibi
1474 3610 1538 3647 anau

155 3688 158 3692 ⁴
227 3692 320 3727 necem
348 3679 539 3747 imprecantur
568 3674 642 3729 mala
667 3672 697 3730 G.
723 3674 794 3732 Cid.
820 3678 885 3747 Reg.
906 3693 934 3730 et
953 3694 1040 3741 mare.
1060 3674 1119 3732 Pal.
1138 3682 1239 3750 quarti.
1256 3676 1397 3743 -lambo
1417 3691 1482 3742 ergo
1497 3685 1538 3720 teuc
1576 3671 1577 3686 ³

227 3765 371 3815 necamur,
398 3759 551 3821 precantur
570 3751 606 3804 D.
627 3767 702 3823 susp.
720 3751 763 3804 Ex
781 3752 951 3806 immanibus
970 3751 1038 3806 Cdd.
1058 3753 1223 3824 corruptelis
1244 3753 1314 3805 haec
1335 3751 1432 3805 elicuit
1452 3748 1495 3806 Ga
1511 3757 1537 3795 ot

225 3824 307 3877 ambo
333 3830 373 3876 sic
400 3842 456 3877 rtua
477 3831 621 3883 ¹euicarier
642 3840 801 3897 precamur.
826 3827 907 3900 prob.
936 3827 1065 3900 Stleglita
1090 3829 1124 3881 da
1142 3828 1260 3883 Pacuvii
1277 3828 1429 3880 Duloreste
1447 3845 1472 3897 p.
1490 3826 1537 3877 108·
1576 3889 1577 3892 ¹

225 3899 418 3965 Ademtum,
446 3916 537 3963 κοῖος
571 3900 604 3954 de
624 3900 714 3955 verbis
736 3901 914 3974 ambigimus.
941 3905 1105 3959 Praesertim
1124 3909 1165 3956 eie
1183 3901 1336 3981 παρέλκει.
1355 3931 1395 3945 -
1420 3900 1493 3951 ambo
1508 3898 1536 3943 u'e
1576 3893 1577 3904 ¹

225 3993 284 4029 una
301 3992 467 4046 praemitur,-
491 3981 629 4030 euicart‘ar
649 3975 714 4031 Seh.
734 3983 777 4043 2.,
797 3983 875 4049 quasi
895 3979 965 4032 baec
985 3997 1056 4035 estet
1075 3982 1113 4034 G.
1133 3977 1162 4035 Ε.
1182 3982 1233 4047 (oo
1251 3977 1340 4048 Quum
1360 3984 1453 4031 eutem
1470 3975 1536 4025 etiem
1576 4039 1577 4042 Ἴ

227 4056 322 4105 eaiuu
341 4051 376 4101 ab
396 4060 511 4122 utroque
529 4054 704 4124 flagitatur,
737 4053 905 4106 conturbato
924 4045 1107 4128 haereutepue
1125 4071 1211 4123 reges
1244 4052 1365 4119 „Ambo
1384 4069 1454 4120 ergo
1471 4059 1536 4099 uuam

225 4144 319 4189 pacem
335 4127 528 4190 precamure’‘
549 4134 657 4199 quoties
675 4126 734 4179 hoe'
745 4135 860 4196 agitur,
881 4130 1057 4200 ecquandone
1077 4136 1132 4182 uisi
1150 4128 1385 4193 admirationibus
1403 4116 1535 4177 maxims?

225 4204 333 4257 Bromii
353 4219 447 4276 susp,
479 4207 624 4276 ingeniosa
645 4218 720 4257 eane.
748 4204 802 4258 Sed
821 4204 889 4259 latet
909 4223 1014 4261 verum.
1041 4207 1100 4261 Nec
1119 4212 1178 4259 tine
1198 4203 1267 4259 Cdd.
1288 4203 1390 4256 auxilio
1410 4201 1535 4274 quidquam

161 4306 163 4311 >
194 4320 200 4325 .
225 4277 324 4352 profici
343 4282 458 4350 potest.)
496 4277 534 4352 (⁷)
553 4277 588 4331 de
607 4280 642 4331 D.
662 4296 736 4355 susp.
756 4280 795 4335 G!
814 4309 847 4324 -
868 4289 897 4332 et
915 4280 1060 4351 qutaudoua
1080 4279 1167 4352 [quod
1186 4279 1260 4333 idem
1283 4279 1363 4353 plane
1383 4293 1424 4334 est
1443 4294 1474 4328 ex
1489 4288 1535 4345 per·

225 4366 302 4409 versa
322 4351 407 4407 medii
429 4358 488 4406 aeti
508 4354 668 4428 scripturi.)
688 4354 738 4409 Cd.
759 4358 905 4410 Gronosii.
923 4384 962 4401 ι-
980 4365 1008 4408 et
1025 4356 1171 4429 quandove
1191 4354 1261 4409 cdd.
1279 4355 1376 4427 pleriq.
1396 4355 1427 4409 P.
1448 4352 1484 4404 lu.
1500 4345 1534 4398 Cr·

224 4438 327 4498 (errat,
346 4444 378 4482 ut
398 4429 486 4495 solet,
507 4430 562 4495 θ.)
572 4433 610 4483 .V.
622 4430 818 4500 -fpuandove
829 4438 901 4498 (sine
916 4429 1021 4504 seusu.)
1036 4433 1076 4486 Μ.
1089 4432 1122 4487 L.
1135 4432 1170 4485 D.
1185 4437 1210 4488 1.
1226 4439 1253 4486 2.
1274 4430 1314 4498 (⁸)x
1324 4430 1394 4483 Cum
1414 4428 1481 4500 Spir.
1491 4418 1533 4474 lirl·

224 4508 261 4561 G.
283 4509 462 4579 -put'suou
481 4505 590 4570 Ceteri,
623 4508 708 4559 etiam
731 4505 798 4559 Scb.
819 4513 860 4570 2..
880 4513 928 4579 qui
948 4507 1063 4560 leviores
1083 4505 1217 4571 fortasse,
1243 4505 1290 4559 sed
1311 4522 1401 4559 tannen
1420 4505 1533 4573 optimis

223 4596 252 4633 et
265 4599 280 4633 e
291 4578 362 4633 Cdd.
379 4577 535 4653 desumptas
552 4584 701 4634 (ioercuzii
721 4580 927 4637 emendationes
941 4587 1026 4635 nimis
1042 4599 1122 4656 saepe
1133 4582 1263 4654 neglexit.
1283 4578 1322 4654 (⁹)
1332 4611 1365 4623 -
1375 4568 1534 4647 concipienda

223 4658 267 4712 M.
275 4657 307 4708 L.
321 4653 370 4781 5¹⁰)
378 4656 475 4711 —st'bi
485 4664 515 4707 ue
524 4674 556 4707 ex
568 4656 694 4728 interpol.
706 4658 737 4709 L.
751 4657 803 4723 (¹¹)
812 4658 988 4711 —Lucretia
996 4667 1024 4710 et
1032 4677 1100 4729 quae
1111 4657 1247 4730 spuunt.
1258 4656 1533 4719 u—-Luereuuquu

223 4732 270 4784 Cr.
281 4749 296 4782 e
309 4750 325 4804 g
337 4748 390 4784 oss.
420 4731 472 4800 (tr)
493 4760 529 4772 -
548 4740 675 4802 stuprum
685 4744 737 4802 per
749 4738 808 4784 uim
822 4733 874 4786 obl.
885 4734 915 4784 L.
929 4733 1012 4788 solue.
1039 4733 1090 4806 (li)
1102 4761 1140 4777 ‹-
1154 4731 1288 4798 feceruat
1299 4732 1342 4784 M.
1356 4732 1386 4783 L.
1399 4730 1432 4781 D.
1445 4729 1532 4790 i·(11⁰¹¹

223 4809 255 4861 P.
274 4804 322 4879 V.)
342 4804 394 4880 (¹4)
415 4823 480 4859 cum
501 4805 571 4861 cdd.
591 4810 621 4862 P.
641 4807 729 4861 Mare.
750 4809 786 4862 G.
806 4813 832 4862 2.
852 4827 891 4861 =
908 4807 986 4862 brev.
1005 4828 1108 4880 expos:
1121 4811 1167 4862 Cr.
1187 4813 1219 4862 V.
1241 4809 1282 4861 M.
1303 4808 1334 4860 L.
1353 4807 1387 4858 D.
1409 4815 1432 4861 l·
1445 4798 1533 4868 (15)ἠ
1567 4803 1570 4817 ’

222 4882 301 4932 nialla
319 4885 349 4930 in
367 4898 398 4935 re
418 4880 486 4940 Cdd.
508 4882 572 4952 aliq.
593 4885 625 4934 V.
664 4879 714 4955 (¹⁸3)
734 4912 771 4941 ς-
790 4883 865 4955 pamel
880 4882 925 4934 lu's
943 4889 1072 4937 exoritur
1091 4881 1161 4939 ead.
1181 4882 1261 4957 prob.
1281 4883 1316 4936 D.
1338 4879 1387 4948 (¹⁷)
1407 4894 1466 4932 cum
1478 4866 1530 4926 Cdd·

224 4957 255 5009 P.
276 4955 322 5008 Cr.
342 4955 375 5008 V.
395 4957 429 5010 D.
452 4959 487 5018 G.
508 4963 534 5014 2.
553 4979 590 5017 :2
608 4975 666 5009 esse
682 4976 783 5027 perse
802 4959 843 5012 M.
863 4958 895 5012 L.
917 4967 942 5016 i·
1241 4988 1248 4999 ·
