3188 5492
215 370 307 468 ter*
436 404 500 471 uu
523 400 712 471 rrursus
734 380 1055 469 nouorum-er
1078 404 1327 482 rianorrmu

19 614 20 625 ,
130 562 141 585 ‘
217 568 286 613 rum
311 558 342 610 et
366 548 520 611 malorum
544 547 583 608 ab
607 566 647 611 eo
670 544 912 628 proficiscatur,
936 546 1025 629 quod
1045 543 1178 611 dicimus
1200 558 1332 610 natiuae
1355 567 1423 609 esse
1439 558 1526 628 aptius
1579 532 1580 599 i

19 632 20 641 ¹
217 652 248 704 ct
271 643 544 706 accommodatum
557 686 566 718 ,
592 643 744 723 quodque
762 639 863 721 ipsum
880 661 939 721 per
954 639 1141 721 septimum
1156 651 1349 723 appetaturt
1369 643 1431 705 hoc
1444 653 1527 706 toturn

218 748 249 799 et
273 736 294 798 ii
318 736 452 810 tollunt,
477 733 551 821 qui¹
576 734 606 797 in
628 737 724 797 rebius
746 732 817 808 fist,
841 733 873 797 in
893 732 1007 818 quibus
1025 732 1122 810 nihil,
1147 734 1264 817 [quod]
1280 738 1353 798 aut³
1368 738 1527 811 honesturn,
1579 782 1580 785 ,

218 840 272 895 eut
304 840 398 910 turpe
427 828 485 909 sit,
519 841 636 913 negant
659 849 728 892 esse
750 828 845 890 ullam
869 849 1020 903 causam,
1055 850 1113 891 cur
1137 830 1222 892 aliud
1243 830 1296 892 alii
1319 841 1527 911 anteponatur,
1579 840 1580 845 ’

218 946 279 988 uec
295 918 382 987 irater
405 944 457 986 eas
480 923 722 1009 resquidquaiu
747 922 877 986 omnino
900 932 1012 1003 putant
1033 921 1208 987 iuteresse:
1232 935 1264 985 et
1280 925 1442 1000 Herillus,
1463 925 1529 988 siita

217 1019 333 1096 sensit,
373 1019 451 1085 nihil
483 1039 552 1101 esse
581 1020 700 1083 benum
725 1014 861 1098 ‘praeter
890 1014 1070 1093 scientiam,
1107 1036 1231 1080 omnem
1263 1018 1389 1082 consilii
1410 1002 1530 1102 iapiendi
1552 1028 1580 1099 23

218 1133 343 1176 calisam
366 1113 646 1196 inventionemque
669 1110 764 1176 officii
786 1110 926 1174 sustulit.
971 1109 1043 1186 Sic,
1067 1110 1208 1173 exclusis
1227 1114 1389 1176 sententiis
1411 1115 1530 1198 reliquo·

217 1208 313 1282 rum,
351 1228 446 1290 quum
477 1219 646 1289 praeterea
677 1206 761 1269 nulla
793 1226 862 1268 esse
884 1205 1007 1286 possit,
1042 1206 1122 1268 hacc
1145 1204 1349 1291 antiquorum
1373 1211 1471 1290 ualeat
1489 1231 1530 1270 ne·
1579 1264 1580 1281 ,

190 1323 308 1365 „cesse
337 1312 399 1385 est.
454 1304 549 1386 Ergo
576 1299 724 1366 instituto
754 1310 919 1374 vctcrum,
953 1320 1021 1384 quo
1049 1300 1142 1364 suam
1173 1301 1275 1365 Stoici
1296 1314 1445 1379 utirntur,
1476 1302 1533 1366 hius
1579 1292 1580 1353 Ῐ

160 1472 162 1477 Α
217 1396 379 1478 capiamus
400 1396 581 1460 exordium.
1579 1384 1580 1431 3

303 1486 368 1552 IX.
392 1491 446 1553 211.
471 1490 575 1555 Omne
597 1487 710 1553 animal
732 1511 767 1551 se
790 1488 892 1569 ipsum
916 1486 1039 1571 diligit,
1065 1509 1102 1552 ac
1123 1489 1215 1553 simul
1240 1492 1295 1552 utl
1318 1490 1531 1570 ortiimest,id

218 1584 303 1668 agit,
329 1596 362 1647 ut
385 1585 440 1646 se⁵
464 1597 653 1658 conservet,
685 1586 787 1667 (quod
808 1583 860 1644 hic
883 1582 911 1643 ei
933 1581 1054 1661 primus
1078 1586 1118 1647 ad
1139 1605 1264 1651 omnem
1288 1586 1386 1648 vitam
1409 1590 1532 1650 tuendam

219 1678 377 1760 appetitus
400 1702 417 1742 a
438 1689 552 1743 natura
574 1683 685 1754 datur,
717 1700 752 1741 se
776 1689 811 1742 ut
831 1676 1052 1752 conservct⁶‚)
1074 1690 1169 1763 atque
1191 1680 1236 1742 ita
1257 1680 1298 1742 sit
1321 1680 1483 1755 affectum,
1508 1692 1534 1742 ut

218 1772 336 1853 optime
359 1776 531 1836 secundum
555 1785 697 1836 naturam
721 1774 870 1837 affectum
894 1792 965 1838 esse
986 1775 1125 1854 possit⁷.
1170 1779 1265 1853 Hanc
1286 1774 1378 1839 initio
1403 1774 1532 1838 constitu·

132 1904 135 1911 «
217 1865 358 1930 tionem⁸
380 1866 546 1930 confusam
569 1870 665 1932 habet
688 1880 719 1932 et
741 1868 912 1942 incertam,
936 1876 972 1927 ut
988 1873 1208 1935 tantummodo
1224 1892 1260 1933 sc
1276 1880 1420 1948 tueatur,
1444 1868 1531 1955 quale-

217 1960 342 2042 duuque
365 1960 433 2021 sit.'
454 1960 519 2025 Sed
541 1983 599 2024 nec
621 1962 699 2046 quid
721 1963 779 2036 sit,
805 1983 864 2025 nec
886 1960 964 2047 quid
985 1965 1106 2047 possit,
1131 1987 1191 2030 nee
1212 1965 1292 2049 qnid
1312 1964 1414 2047 ipsius
1443 1975 1533 2026 natura

218 2055 279 2132 sit,
303 2054 462 2140 intelligit.
498 2055 604 2136 Quum
620 2068 725 2120 etitem
740 2056 901 2139 processit
919 2063 1079 2143 paullum,
1103 2072 1152 2137 ct,
1178 2072 1334 2142 qnatenus
1353 2058 1499 2143 quidquid
1508 2075 1533 2118 se

63 2174 67 2183 ⁴
105 2141 118 2159 ²
219 2148 354 2234 attingat
369 2152 518 2234 adaeque
531 2152 697 2233 pertineat,
715 2153 899 2233 perspicere
915 2157 1034 2240 eoepit,
1059 2168 1125 2218 tum
1141 2155 1255 2218 sensim
1269 2152 1387 2236 incipit
1401 2149 1533 2236 progredi

219 2266 353 2329 scseque
373 2266 569 2329 agnoscere,
596 2256 627 2308 et
649 2246 830 2331 intelligere
839 2257 855 2323 ,'
873 2271 967 2333 quam
992 2251 1034 2313 ob
1054 2269 1179 2312 eatrsam
1194 2247 1330 2311 haheat⁹
1346 2269 1439 2321 eum,
1462 2265 1533 2328 quen

95 2358 109 2371 ·
217 2340 373 2431 diximus,
398 2339 493 2402 animi
515 2339 708 2421 appetitum:
735 2352 929 2427 coeptatque
948 2356 980 2409 ct
998 2366 1055 2418 ea,
1080 2363 1161 2428 quae
1176 2352 1309 2409 natiuae
1324 2339 1423 2404 sentit
1437 2339 1531 2422 aptat,

219 2443 386 2517 appetere,
403 2445 434 2495 et
445 2433 637 2514 propulsare
652 2436 827 2498 contraria.
850 2436 944 2522 Ergo
961 2441 1047 2503 omni
1062 2435 1186 2499 animali
1199 2436 1291 2511 illud,
1314 2437 1406 2521 quod
1421 2429 1530 2515 appetit,

221 2521 361 2610 positum
381 2538 430 2590 est
452 2526 483 2588 in
507 2547 566 2601 co,
592 2531 679 2610 quod
700 2540 832 2594 naturae
850 2543 897 2594 est
913 2533 1199 2595 accommodatum.
1234 2531 1284 2593 Ita
1305 2530 1376 2592 finis
1397 2531 1532 2593 bonomn

222 2620 363 2697 exsistit,
389 2624 560 2685 secumdum
577 2634 720 2684 naturam
737 2623 864 2701 vivere,
889 2624 936 2689 sic
951 2628 1118 2700 affectum,
1135 2636 1170 2685 ut
1185 2624 1306 2705 optime
1321 2623 1406 2687 affici
1420 2618 1532 2704 possit¹¹

222 2719 262 2779 ad
277 2727 484 2800 naturamque
504 2716 840 2781 accommodatissime.
876 2719 929 2783 25.
947 2718 1105 2801 Quoniam
1121 2729 1235 2780 autem!
1247 2720 1303 2780 sira
1319 2717 1469 2800 citiusque
1482 2711 1532 2776 ani·

222 2809 334 2873 mantis
349 2802 544 2883 uattiraest,
570 2829 699 2911 nepesse
719 2823 785 2885 est,
808 2812 902 2876 finem
916 2814 1079 2898 quoque¹²
1102 2811 1242 2877 onmium
1258 2813 1436 2886 hunccsse,
1452 2820 1481 2873 ut
1493 2826 1534 2869 ua·

221 2915 291 2967 tura
304 2904 326 2943 ¹³
341 2903 518 2984 expleatur.
543 2905 633 2967 Nihil
649 2904 729 2966 enim
745 2906 909 2987 prohihet,
923 2910 1077 2990 quaedam
1094 2927 1164 2969 esse
1179 2918 1210 2970 et
1222 2907 1306 2970 iuter
1318 2927 1351 2968 se
1366 2904 1531 2971 animalibus

221 2996 371 3081 reliquis,
396 3008 427 3059 et
446 2996 516 3061 crini
535 2998 647 3060 bestiis
665 2999 787 3066 homini
805 3003 1004 3078 communia,
1036 3001 1188 3087 quoniam
1213 3001 1353 3064 omnium
1377 3011 1426 3062 est
1445 3007 1533 3060 natura

223 3090 410 3153 mru‘rmuuis.
429 3093 509 3155 -Set
525 3105 665 3155 extrema
682 3093 736 3156 illa
752 3103 784 3156 et
798 3117 936 3173 summa,
954 3117 1035 3180 quae
1050 3095 1250 3179 quaerimus,
1275 3095 1358 3156 inter
1377 3085 1532 3156 animalium

223 3204 341 3270 genera
362 3185 509 3249 distincta
531 3199 562 3251 et
578 3188 741 3268 ‹lrspertita
759 3202 850 3267 sunt,
875 3203 907 3254 et
924 3212 980 3254 sua
1001 3191 1115 3274 cuique
1135 3189 1270 3273 propria
1291 3200 1322 3252 et
1345 3192 1385 3252 ad
1406 3189 1436 3251 id
1458 3193 1530 3267 aplts

221 3283 308 3367 quod
321 3281 475 3364 cuiusque
487 3295 596 3346 natura
606 3280 763 3348 desiderat
773 3287 810 3349 11.
821 3286 874 3348 26.
888 3287 1008 3367 Quare,
1018 3308 1114 3369 quum
1123 3285 1266 3361 dicimus,
1279 3281 1530 3347 omnihusanim·

190 3435 194 3442 ,
221 3375 303 3438 libus
321 3370 496 3441 extremum
517 3399 604 3452 esse,
624 3382 792 3442 secuudum
807 3391 950 3443 naturam
967 3379 1099 3454 visere,
1123 3400 1188 3442 non
1205 3378 1249 3441 ita
1264 3376 1475 3459 accipiendum
1485 3380 1529 3444 est,

146 3492 152 3503 ¹
221 3472 318 3556 quasi
328 3472 477 3545 dieamus,
497 3493 591 3534 tinum
607 3494 676 3535 csse
692 3473 831 3538 omnium
847 3486 1041 3563 extremum:
1057 3475 1115 3535 sed
1130 3482 1165 3535 ut
1184 3472 1321 3535 omnium
1337 3471 1448 3535 artium
1462 3476 1530 3529 recte

152 3648 157 3655 ἱ
223 3565 284 3628 dici
303 3577 412 3648 potest
428 3587 595 3629 commuue
615 3588 701 3645 csse,
726 3569 810 3630 utin
831 3568 933 3652 aliqua
954 3567 1083 3630 scientia
1102 3565 1295 3642 versetur¹⁵,
1320 3564 1529 3629 scientiamau·

108 3738 113 3743 ¹
223 3670 286 3732 tem
306 3660 562 3746 stremoniusque
581 3656 658 3722 a'rtis
675 3682 764 3725 csse:
789 3660 836 3724 sic
857 3682 1023 3724 commune
1045 3660 1223 3724 animalium
1243 3660 1418 3725 omniumffi
1438 3671 1530 3721 secut·

193 3820 194 3824 ,
225 3755 297 3814 dum
314 3765 456 3817 naturam
474 3754 601 3832 vivere,
626 3757 682 3818 sed
696 3767 822 3818 naturas
837 3776 907 3822 esse
924 3756 1083 3830 diversas,
1107 3764 1143 3817 ut
1160 3755 1244 3818 aliud
1262 3775 1346 3838 equo
1366 3756 1407 3817 sit
1423 3761 1526 3819 natura,

226 3846 312 3909 aliud
331 3849 430 3933 bovi,
467 3849 552 3912 aliud
574 3848 713 3924 homiui,
749 3860 781 3911 ct
802 3859 907 3913 tamen
928 3849 960 3911 in
982 3849 1128 3914 omuibus
1149 3870 1269 3912 summa
1292 3845 1476 3920 communis,
1505 3849 1527 3900 tt

220 3941 350 4025 ‚quidem
374 3963 438 4006 non
461 3942 562 4006 solum
585 3941 618 4004 iu
640 3942 836 4018 animalibus,
861 3942 1029 4007 sedetiam
1052 3941 1084 4005 iu
1106 3945 1201 4005 rebus
1226 3942 1372 4007 omnibns
1393 3944 1447 4016 iis,
1468 3956 1528 4022 quat
1575 3950 1576 4029 Q

298 4077 336 4144 (1)
355 4104 394 4117 -
412 4094 482 4148 quae
501 4075 567 4128 Ern.
589 4083 615 4132 1.
635 4095 688 4130 err.
710 4092 766 4149 typ.
806 4075 843 4151 (²)
862 4106 902 4121 -
920 4076 1067 4130 lei--lu'r
1085 4081 1116 4132 P.
1137 4082 1170 4132 V.
1191 4077 1226 4132 G.
1240 4084 1267 4133 2.
1305 4075 1343 4153 (³)
1358 4096 1420 4133 cnm
1433 4073 1527 4130 edel).

222 4149 312 4225 Seqq..
324 4167 362 4205 oe
379 4151 453 4203 nihil
467 4160 519 4203 arat
538 4152 568 4204 L.
592 4152 669 4224 prob.
688 4152 757 4207 Lall.
790 4154 824 4205 In
842 4151 892 4208 cd.
913 4155 999 4227 Regio
1018 4159 1129 4226 punctis
1149 4169 1245 4207 notata
1265 4171 1344 4208 erant
1363 4175 1386 4208 v.
1401 4151 1527 4226 quadarn.

220 4228 282 4300 Ego
301 4228 346 4302 [].
363 4256 403 4269 -
421 4226 507 4294 nihil,
534 4228 609 4298 qreod
632 4246 688 4280 non
713 4237 763 4278 aut
782 4229 813 4282 P.
833 4230 865 4282 V.
885 4229 928 4282 M.
965 4228 1015 4300 (1)
1036 4247 1099 4284 curu
1120 4227 1238 4287 cade.
1259 4234 1288 4284 tn
1309 4248 1346 4284 m.
1367 4233 1445 4290 158't.
1463 4228 1526 4280 Gru.

222 4313 248 4361 t.
269 4310 296 4360 2.
316 4321 354 4358 eo
372 4322 406 4355 ac
424 4303 512 4356 simul
527 4311 556 4355 et
575 4300 755 4377 cddmulrt.
776 4305 817 4356 lu.
837 4306 883 4358 Cr.
904 4307 935 4358 V.
957 4304 992 4358 G.
1013 4334 1050 4349 ·-
1070 4314 1098 4357 et
1115 4304 1298 4377 simulatque
1318 4307 1349 4358 L.
1371 4307 1447 4364 1566.
1464 4330 1495 4346 -
1507 4303 1526 4349 tl

84 4374 91 4385 ⁹
167 4435 171 4445 1
201 4379 306 4445 ἐἰιηιιὶ
322 4399 357 4431 ac
376 4380 407 4432 P.
428 4382 470 4434 M.
490 4382 525 4435 D.
566 4376 603 4451 (5)
623 4408 660 4422 -
679 4397 709 4430 se
727 4388 758 4429 ut
779 4376 850 4432 Gud.
871 4385 953 4453 prim.
975 4380 1008 4435 D.
1048 4377 1088 4453 (⁶)
1108 4384 1183 4436 Haec
1202 4381 1486 4452 quod--comcrvet
1501 4373 1525 4426 D·

220 4452 570 4527 [].1nsltitiavidentur
591 4453 655 4507 Sch.
677 4473 701 4508 r.
721 4471 750 4504 se
771 4462 802 4504 ut
820 4464 974 4511 conservet.
1021 4457 1058 4524 (⁷)
1078 4452 1115 4500 -έ
1134 4457 1209 4509 Haec
1230 4464 1344 4528 atque‘-
1363 4490 1380 4501 -
1395 4460 1526 4528 possitin-

220 4546 316 4602 speeta
335 4531 457 4584 Bromio.
486 4529 525 4601 (⁸)
544 4547 582 4584 oo
601 4535 804 4582 iustitutionem
824 4526 891 4584 Cdd.
913 4531 976 4604 aliq.
999 4529 1084 4607 (Mo.)
1122 4530 1160 4600 (⁹)
1181 4531 1227 4585 Sic
1248 4534 1362 4588 Arcens.
1382 4535 1411 4586 L.
1431 4535 1460 4584 D.
1476 4529 1525 4585 1.?.

219 4635 258 4654 -φ
277 4605 361 4657 Imber
379 4622 473 4660 ortum
493 4626 508 4658 e
529 4622 609 4682 prava
630 4604 811 4659 distinctione
831 4625 856 4659 v.
876 4622 902 4660 c.
921 4607 954 4660 V.
975 4609 1153 4679 intelligere:
1177 4604 1524 4679 φααιη.ὓε1εηάιιιιῑῦ.11

146 4722 152 4735 .
219 4684 313 4736 Brenni
336 4687 364 4734 ln
384 4681 485 4735 Philcl.
504 4679 662 4750 Beitrdgen
681 4700 708 4755 p.
730 4685 792 4742 185.
845 4682 896 4753 (¹⁰)
923 4682 1023 4749 ster.
1046 4686 1077 4737 V.
1097 4683 1131 4736 D.
1154 4686 1189 4737 0.
1208 4703 1246 4740 :
1264 4691 1333 4755 apta
1351 4689 1433 4735 sentit
1450 4676 1524 4734 ML·
1572 4686 1573 4689 ’

219 4766 247 4813 1.
266 4763 294 4816 2.
330 4754 390 4831 (11)
409 4761 555 4831 -possis
574 4757 641 4812 Ern.
661 4754 737 4829 susp.¹
782 4755 831 4831 (11)
852 4775 867 4809 e
887 4756 955 4811 cdd.
977 4760 1012 4814 G.
1035 4764 1061 4814 2.
1081 4776 1241 4830 -quoque
1260 4765 1379 4813 omnium
1391 4757 1474 4830 finem
1490 4752 1523 4805 Cr·
1572 4814 1575 4821 ‚

218 4828 306 4904 (erret
327 4834 351 4886 G
395 4861 434 4876 -
451 4850 555 4906 ortoque
568 4830 661 4906 finem
680 4836 802 4884 omnium
823 4834 853 4889 V.
874 4834 915 4886 M.
936 4833 967 4887 L.
988 4837 1023 4888 D.
1046 4843 1070 4891 1.
1118 4832 1169 4907 (11)
1192 4863 1228 4877 --
1253 4842 1358 4887 natura
1376 4853 1425 4887 sua
1442 4825 1522 4886 Bremil

219 4923 294 4982 susp.
333 4908 384 4981 (¹⁴)
402 4934 440 4951 -·-
458 4905 721 4961 sint--desr'dcret
740 4926 755 4959 e
776 4907 849 4980 Spir.
868 4906 925 4960 Eri.
947 4908 982 4962 G.
1022 4907 1074 4977 (¹⁵)
1095 4925 1132 4961 oe
1150 4917 1300 4960 versentur
1322 4912 1378 4965 Erl,
1398 4910 1436 4964 M.
1455 4908 1481 4958 L.
1496 4900 1521 4952 D·

218 4978 270 5050 (¹⁶)
291 5012 325 5028 «-
345 4987 467 5036 onmium
481 4992 523 5049 est
537 4983 568 5036 Ι..
581 5003 619 5039 τε,
632 5002 704 5037 omn.
719 5001 815 5037 comm.
829 5002 875 5037 an.
891 4985 920 5036 P.
934 5003 973 5039 ι·
985 5004 1030 5037 au.
1045 5003 1141 5038 comm.
1155 5003 1229 5038 omn.
1241 4986 1310 5040 Ven.
1326 4989 1403 5047 1191.
1417 4981 1483 5058 prob.
1495 4973 1520 5027 G·
1571 4964 1574 5167 (

1572 5322 1573 5331 ,

507 5416 512 5423 ἱ

1116 5428 1119 5435 .
