3188 5492
854 276 870 305 Ι

212 394 276 460 nat
543 432 549 441 ·
636 392 837 459 AURELII
869 392 1129 459 annosum

582 672 783 740 LIBER
827 670 1182 743 SECUNDUS.
1229 678 1255 707 ¹*

213 934 469 999 Romanianum
500 934 741 999 Maecenatem
773 948 877 995 eratin
908 934 956 996 ad
986 934 1260 1016 amplectendam
1287 932 1522 1015 philosophiam

293 1014 423 1092 'rursus
463 1050 541 1091 cum
576 1026 673 1111 grati
711 1025 821 1090 aninri
839 1026 1112 1113 significatione
1143 1029 1366 1102 cohortatur,
1409 1038 1523 1112 treeqm

297 1121 349 1184 illi
371 1098 532 1185 describit
560 1119 780 1196 collationes,
795 1121 850 1183 ,in
871 1142 1020 1207 picarum
1036 1121 1156 1204 prima
1176 1123 1400 1204 explicantur
1415 1123 1523 1203 macac

298 1215 596 1279 Academicorum.
641 1218 683 1279 ln
704 1215 856 1277 secunda
875 1236 982 1279 nouae
1003 1234 1045 1277 ac
1058 1215 1183 1278 ueteris
1197 1212 1409 1279 Academiae
1417 1214 1524 1277 'dacri-

300 1309 395 1370 mina
409 1308 634 1401 referuntur,
659 1321 692 1372 et
706 1309 907 1392 exploditur
921 1309 1091 1373 sententia
1103 1311 1228 1372 horum
1243 1309 1522 1392 philowphorum,
1562 1380 1564 1389 Α

297 1402 357 1488 qui
369 1432 377 1476 5
402 1400 514 1488 qreum'
528 1426 647 1466 verum
668 1403 763 1466 hand
779 1425 884 1487 posse
906 1403 1114 1486 deprehendi
1130 1414 1309 1485 putarent,
1338 1402 1412 1464 veri
1431 1414 1525 1463 tuanen

229 1520 236 1549 1
296 1497 408 1560 cirnile
429 1519 465 1561 se
487 1498 584 1581 sequi
601 1499 870 1580 profiterentur.
925 1502 967 1563 Iu
995 1499 1100 1562 tertia
1123 1498 1270 1576 dicitnr,
1293 1497 1380 1582 quid
1401 1497 1450 1560 illi
1468 1495 1524 1558 val

295 1592 408 1656 simile
430 1612 492 1656 seu
509 1593 687 1675 probabile
709 1593 930 1676 appellarint.
1006 1662 1009 1673 ,

209 1949 240 2012 1.
266 1949 297 2010 1.
324 1892 387 2022 Si,
409 1968 503 2030 quam
522 1962 652 2010 necesse
669 1957 736 2020 eet,
761 1946 1044 2030 disciplinamque
1064 1945 1196 2011 scientia
1215 1944 1394 2052 sapientiae
1414 1969 1525 2011 vacuum

209 2063 279 2106 esse
305 2063 369 2105 non
391 2062 488 2122 posse
512 2039 703 2121 sapientem,
727 2052 790 2104 tarn
819 2064 886 2109 eam
909 2063 1040 2107 necesse
1059 2053 1142 2104 esset
1161 2039 1301 2105 iuvenire
1320 2044 1398 2104 dura
1420 2040 1524 2126 quaeri·

209 2150 285 2214 tur,
320 2136 422 2201 omnis
444 2137 596 2218 proiecto
622 2137 887 2201 Academicorum
910 2138 961 2199 rel
986 2134 1157 2209 calumnia,
1191 2135 1245 2198 vel
1270 2134 1460 2221 pertinacia,
1486 2133 1525 2197 vel

133 2263 136 2271 ·
210 2230 414 2316 pervicacia,
452 2230 504 2293 vel
526 2231 574 2309 (ut
599 2250 664 2314 ego
686 2226 842 2294 interilum
865 2229 1019 2308 arbinor)
1037 2249 1182 2312 congrua
1205 2222 1251 2291 illi
1272 2228 1415 2309 tempori
1437 2227 1523 2301 ratic,

30 2406 33 2413 Ι
210 2326 305 2390 simul
341 2346 413 2387 cum
445 2322 518 2406 ipio
554 2336 720 2406 tempore,
767 2334 800 2388 et
835 2345 907 2387 cum
947 2322 1046 2405 ipsius
1087 2320 1264 2386 Carneadis
1313 2321 1526 2405 Ciceronisque

147 2468 152 2483 ,
210 2419 405 2501 corporibus
432 2417 557 2498 sepulta
581 2417 682 2482 foret.
741 2419 805 2480 Sed
827 2416 902 2501 quie
929 2418 997 2481 sive
1023 2416 1104 2479 vitae
1126 2416 1222 2481 helius
1249 2415 1356 2481 miultis
1385 2415 1524 2499 variisque

209 2511 454 2586 iactationibus,
490 2511 705 2586 Romaniane,
745 2522 779 2574 ut
808 2510 840 2573 in
870 2515 981 2575 eodem
1007 2522 1041 2577 te
1068 2511 1210 2591 probas,
1246 2509 1316 2572 sive
1344 2510 1524 2594 ingeniorum

201 2608 348 2689 ·quodam
368 2618 520 2687 stupore,
534 2606 597 2671 uel
617 2604 785 2678 socordia,
810 2606 863 2667 vel
884 2604 1031 2675 tarditate
1054 2605 1269 2686 torpentium,
1301 2604 1373 2667 sive
1396 2605 1525 2683 despera·

210 2702 299 2765 tione
325 2699 523 2774 inveniendi,
549 2699 622 2784 quia
643 2718 708 2763 non
729 2720 826 2784 quam
843 2698 936 2765 facile
954 2698 1055 2763 acidis
1081 2698 1142 2763 iste
1160 2699 1235 2771 tm,
1259 2710 1323 2763 tarn
1344 2697 1439 2760 facile
1457 2715 1524 2757 ncn-

209 2794 295 2858 tibus
318 2793 489 2877 sapientiae
505 2794 591 2863 sidau
609 2794 775 2870 oboritur,
801 2795 868 2859 sive
883 2806 987 2868 etiam,
1007 2793 1063 2876 qui
1080 2813 1176 2856 error
1194 2792 1331 2859 omnium
1348 2791 1523 2874 populeum

191 2868 280 2965 ⁴cst,
302 2888 382 2951 falsa
403 2888 554 2970 opinione
571 2889 717 2952 inventae
739 2910 811 2953 ase
829 2888 991 2960 veritatis,
1014 2907 1073 2951 uec
1094 2887 1262 2971 diligenter
1281 2886 1428 2951 homines
1445 2903 1524 2968 quae·

208 2994 297 3058 runt,
308 2981 333 3045 si
342 2980 574 3066 quiquaerunt,
589 2995 649 3046 eta
664 2984 838 3068 quaerendi
850 2983 1221 3059 voluntateauertimtur,
1235 2985 1354 3058 euenit,
1369 2995 1406 3047 ut
1415 2978 1525 3045 austu

208 3096 290 3140 raro
296 3077 469 3159 paucisque
483 3077 665 3160 proveniat.
689 3079 806 3160 quue
817 3077 866 3152 fit,
881 3089 917 3141 ut
930 3078 1197 3142 Academicorum
1208 3099 1314 3152 arma,
1328 3081 1455 3162 quando
1469 3096 1524 3138 cum

123 3181 132 3199 '
209 3169 254 3233 eis
275 3158 599 3245 remanaverunt,
624 3171 1015 3246 memdoainusvtsu,
1039 3173 1215 3235 seducatis
1236 3184 1271 3237 et
1292 3169 1524 3241 iseneeruditiu

208 3265 327 3329 invicta
355 3276 388 3328 et
409 3265 499 3348 quasi
522 3264 679 3329 Vulcania
703 3266 882 3330 uideantur.
937 3267 1156 3346 Quamobrem
1181 3277 1296 3329 contra
1325 3266 1401 3333 illos
1429 3268 1525 3329 fluctu

209 3359 436 3443 procellaeque
465 3358 634 3434 fortuma,
666 3382 764 3444 quum
793 3359 1000 3427 obtinendum
1032 3360 1129 3423 remis
1151 3359 1419 3447 qireliumcunque
1442 3360 1524 3423 virtu

208 3464 298 3529 tum,
337 3462 403 3515 tum
432 3452 466 3533 ip
493 3453 603 3534 primis
633 3453 774 3519 deinum
804 3453 953 3529 auxilium
982 3453 1070 3518 omni
1098 3454 1271 3521 deuotione
1300 3466 1397 3538 atquc
1426 3454 1524 3537 piena

209 3546 441 3630 implorandum
464 3559 530 3622 est,
563 3559 598 3610 ut
620 3548 755 3612 intentio
778 3547 1032 3612 constantissima
1054 3551 1215 3611 honorum
1236 3547 1415 3613 stiuliorum
1437 3552 1524 3610 teneat

210 3664 339 3705 cursum
360 3664 470 3719 suum,
502 3664 521 3705 a
543 3664 608 3726 qno
630 3664 697 3707 eam
721 3645 825 3721 nullm
847 3665 940 3707 casin
961 3642 1124 3717 exardet,
1149 3662 1215 3726 quo
1238 3641 1341 3707 minus
1363 3638 1448 3707 illam
1467 3637 1524 3721 phi·

105 3795 108 3804 ,
151 3808 160 3833 o
210 3736 380 3818 losephiae
401 3735 575 3800 tutissimus
598 3736 902 3823 iucundissimusque
922 3749 1037 3820 portus
1060 3736 1208 3818 accipiet.
1254 3737 1346 3801 Haec
1368 3735 1467 3818 prima
1480 3743 1522 3793 tua
1575 3752 1577 3855 q

210 3849 323 3893 caussa
345 3840 411 3906 est,
434 3829 508 3892 hinc
526 3830 583 3892 tibi
599 3842 724 3904 metuo,
748 3830 822 3894 hinc
836 3843 867 3894 te
882 3830 979 3912 cupio
995 3831 1143 3905 liberari,
1167 3830 1240 3894 hinc
1256 3831 1296 3910 (si
1311 3833 1409 3895 modo
1425 3828 1523 3912 dgna
1576 3872 1577 3893 2

209 3921 268 3986 sim
288 3923 346 4009 qni
368 3924 546 4006 impetrem)
561 3923 754 4008 quotidianis
771 3927 854 3990 votis
870 3947 963 3989 auras
977 3925 1036 3989 tibi
1049 3944 1224 4006 prosperas
1239 3936 1335 3990 orate
1348 3936 1415 3989 uon
1427 3938 1522 3988 cesus

114 4084 117 4091 ,
209 4037 272 4080 oro
301 4028 405 4080 erstem
433 4018 533 4099 ipsam
561 4019 675 4082 summi
703 4019 765 4083 Dei
796 4020 960 4084 Virtutem
990 4014 1085 4103 alque
1118 4019 1321 4102 Sapientiam.
1378 4015 1459 4099 Quid
1485 4021 1521 4075 est

208 4109 292 4174 enim
314 4112 417 4187 aliud,
441 4133 534 4196 quem
556 4112 705 4193 mysteria
727 4112 970 4177 noha-tradunt
991 4111 1056 4177 Del
1075 4111 1223 4175 Filium?
1475 4105 1477 4110 ’

209 4238 215 4254 ‹
293 4207 326 4269 2.
350 4207 491 4271 Multum
513 4218 617 4270 autem
639 4228 687 4271 me
700 4207 874 4272 -adiuvabis
903 4229 965 4291 pro
994 4220 1026 4270 te
1055 4210 1298 4288 deprecantem,
1331 4205 1359 4270 si
1386 4227 1452 4270 non
1473 4218 1521 4269 tut
1576 4260 1577 4263 ,

205 4299 353 4364 exaudiri
373 4321 470 4383 posse
491 4302 658 4383 desperes,
683 4302 857 4388 nitarisque
876 4301 1041 4367 nohismnn
1058 4312 1090 4365 et
1104 4313 1138 4363 tu
1152 4322 1217 4365 non
1232 4301 1335 4365 solum
1353 4299 1455 4371 votis,
1476 4291 1521 4356 sttl
1576 4348 1577 4361 ,

94 4458 96 4463 ,
193 4396 302 4460 etism
322 4396 507 4470 uoluntate,
533 4407 628 4480 atque
649 4395 704 4458 illa
725 4409 778 4458 ura
800 4395 934 4460 namrali
955 4396 1068 4461 mentis
1081 4395 1264 4470 eltiurdiue,
1289 4407 1519 4477 propterquam

206 4502 240 4555 te
262 4510 402 4576 quaero,
427 4510 489 4573 qua
502 4489 706 4574 singulariter
721 4491 882 4567 delector,
908 4512 1000 4573 quem
1017 4512 1144 4572 semper
1160 4490 1321 4565 admiror,
1349 4511 1429 4574 quae
1443 4487 1471 4548 in
1483 4494 1517 4552 tts

165 4607 168 4613 ·
205 4607 270 4668 pro
291 4585 398 4648 nefas!
433 4583 494 4647 illis
523 4605 630 4647 rerum
660 4584 906 4648 domesticarum
927 4584 1064 4649 nubibus
1086 4583 1178 4667 quasi
1199 4583 1319 4648 iulinea
1342 4580 1514 4647 involvitur,

208 4691 241 4743 et
260 4680 396 4755 milltes,
421 4699 458 4740 ac
478 4699 580 4761 paene
603 4698 713 4742 omnes
734 4678 831 4742 latet:
855 4698 905 4742 me
926 4691 1050 4754 autem,
1075 4691 1106 4742 et
1129 4679 1241 4753 aliurn,
1269 4680 1320 4744 vel
1340 4678 1460 4743 tertium
1480 4671 1517 4733 la·

206 4770 435 4836 miliarissimos
457 4784 531 4836 tuos
552 4772 651 4859 latere
674 4792 737 4834 noa
759 4782 885 4852 potest,
917 4770 973 4856 qui
995 4794 1091 4855 saepe
1113 4796 1177 4839 non
1199 4776 1303 4837 solum
1334 4785 1448 4837 attente
1471 4787 1515 4828 ari-

204 4866 341 4931 divimus
363 4887 522 4931 murmura
547 4877 620 4941 tua,
645 4864 816 4929 sedetiam
839 4867 988 4930 nonnulla
1010 4868 1143 4952 fulgura
1165 4869 1350 4943 Fulminibus
1380 4862 1514 4950 propiare
1576 4942 1577 4945 Ἴ

128 5008 133 5023 .
161 5018 167 5022 .
207 4960 444 5042 conspeximus.
503 4956 586 5041 Quis
617 4959 720 5038 enim,
752 4973 787 5023 ut
820 4973 927 5025 cetera
959 4984 1022 5046 pro
1055 4953 1349 5046 tempor-esiacum
1379 4974 1410 5027 et
1438 4971 1514 5023 unum

1484 5238 1492 5267 l

221 5324 226 5337 ι
365 5305 406 5373 0

256 5345 264 5359 Ι

272 5390 275 5397 ι
