3188 5492
199 402 267 469 ‚iia
429 402 495 468 DE
516 402 703 481 FINIBUS
726 402 962 471 BONORUM
986 403 1048 467 ΕΤ
1072 402 1320 469 MALORUM

201 546 257 610 dit
281 544 349 609 latu
371 542 426 608 illa
449 554 601 620 cisterna,
625 550 723 627 pai-ce
746 555 779 608 tu
802 543 946 628 quidese:
970 546 1027 609 sed
1049 543 1162 620 istaec
1178 564 1274 630 qttutn
1290 543 1511 626 corporisbora

120 646 127 663 '
203 639 285 713 sint,
320 659 432 704 eorutu
463 637 665 703 conficientia
694 650 782 703 certe
809 639 841 708 in
868 637 960 711 honis
984 636 1186 713 numerabis,
1222 637 1362 714 amicos,
1398 638 1511 718 liberos,

161 757 169 771 ⁴
203 733 428 818 propinquos,
452 732 597 809 divitius,
622 735 784 809 horores,
816 753 910 814 opes,
962 729 1089 803 Contra
1110 732 1191 794 haec
1212 734 1341 796 attende
1363 754 1410 797 me
1431 735 1513 815 [nihil]

198 827 353 891 ‘dicet-&a
390 826 419 891 si
440 826 499 891 ista
521 826 602 897 mala
625 839 717 903 stunt,
748 827 782 890 in
804 846 886 909 quae
907 835 1016 908 potest
1038 825 1177 889 incidere
1200 825 1347 908 sapiens,
1370 826 1515 909 sapienten

86 934 89 943 ‘
202 940 293 996 esse,
317 942 381 985 uon
397 922 522 1002 essead
533 922 627 987 beate
639 920 809 987 vivendum
825 920 913 984 satis.
943 919 1047 985 linaro
1062 940 1154 999 vero,
1170 919 1292 1005 inquit,
1309 922 1351 983 ad
1364 922 1515 987 beatissime

202 1012 374 1079 vivendum
388 1027 586 1096 pertimeat:
609 1019 649 1081 ad
664 1018 757 1080 beate
770 1016 902 1098 [ver02]
919 1014 1009 1081 satis.
1026 1013 1261 1090 Animadverti,
1277 1015 1403 1099 inquam
1413 1062 1422 1093 ,
1434 1016 1516 1085 teistn

203 1111 301 1174 ruodo
312 1109 506 1191 paulinante
517 1130 660 1192 ponere:
681 1111 810 1187 etacio,
824 1113 863 1172 ab
875 1107 1042 1173 Antiocho
1054 1119 1166 1173 nostro
1180 1106 1243 1171 dici
1259 1109 1305 1175 sic
1323 1110 1439 1175 solere.
1472 1111 1518 1174 Sed

203 1202 283 1288 quid
304 1203 406 1269 minsis
427 1206 647 1287 probandum,
671 1226 763 1288 qrtatn
784 1226 855 1269 csse
881 1204 1020 1289 aliquem
1045 1203 1199 1280 beatum,
1217 1223 1278 1267 nec
1297 1203 1374 1267 satis
1393 1200 1518 1269 beatunl

204 1297 304 1379 Quod
318 1308 420 1361 autem
436 1297 512 1365 satis
526 1308 595 1372 est,
612 1318 653 1363 eo
668 1297 823 1383 quidquid
837 1295 1027 1371 accesserit,
1044 1294 1172 1369 ιιίωἰωιι
1186 1307 1256 1359 est:
1279 1298 1332 1360 et³
1348 1299 1519 1365 hemonini·

203 1412 256 1455 uin
271 1380 384 1459 beatus
396 1403 460 1469 est,
481 1402 513 1457 et
524 1411 618 1457 nemo
630 1394 726 1457 beato
741 1393 877 1457 hestior.
902 1391 956 1455 88.
980 1391 1092 1475 Ergo,
1108 1388 1230 1473 inquit,
1244 1389 1303 1455 tibi
1315 1391 1359 1472 Q.
1374 1393 1520 1471 Metellus,

204 1484 259 1568 qui
273 1496 339 1551 tres
353 1483 439 1550 filios
454 1485 602 1550 consules
626 1485 723 1563 vidit,
749 1507 767 1549 e
789 1486 905 1570 quihus
920 1507 1015 1551 tinum
1031 1484 1125 1549 etiam
1140 1495 1173 1548 et
1187 1506 1354 1550 censorem
1379 1499 1412 1551 et
1431 1488 1521 1552 niun·

154 1628 157 1639 ,
203 1580 374 1662 phanietn,
399 1589 545 1664 quartum
568 1590 674 1643 autern
695 1591 898 1663 praetorem,
937 1598 1058 1664 eosqrie
1084 1579 1197 1643 salvos
1224 1580 1378 1664 reliquit,
1418 1594 1448 1649 et
1472 1594 1521 1645 ires

120 1701 124 1714 ¹
171 1748 175 1761 y
203 1673 284 1739 iiiios
305 1685 438 1758 nuptas,
463 1695 561 1759 quutu
581 1673 651 1756 ipse
673 1675 805 1751 consul,
829 1694 966 1748 censor,
989 1695 1093 1759 augur
1107 1671 1221 1739 Iuisset
1233 1686 1266 1737 et
1278 1673 1522 1758 triumphassent

204 1767 262 1833 ut⁵
283 1767 410 1850 sapiens
431 1768 548 1844 suerit,
580 1790 686 1837 nonne
709 1769 851 1846 heatior,
884 1791 998 1853 qitatu,
1029 1779 1064 1831 ut
1091 1767 1166 1833 item
1193 1767 1459 1851 septensianis,
1483 1767 1524 1853 qui

202 1861 237 1929 ia
257 1873 418 1947 potestate
440 1864 579 1928 hostium
603 1863 722 1950 vigiliis
744 1875 776 1928 et
797 1863 903 1927 inedia
925 1874 1056 1927 necatus
1077 1873 1145 1937 est,
1170 1859 1343 1947 Regulus?

289 1957 463 2025 XXVIII.
487 1958 542 2023 83.
561 1957 648 2039 Quid
669 1980 719 2023 tue
739 1958 826 2025 istud
846 1978 968 2043 rogas,
992 1954 1147 2043 inquam?
1169 1956 1301 2021 Stoicos
1324 1977 1423 2042 roga.
1457 1956 1524 2038 Quid

203 2049 323 2137 igitur,
346 2050 467 2135 inquit,
491 2073 548 2125 cos
569 2073 784 2135 responsuros
806 2050 925 2136 putas?
948 2050 1060 2115 Nihilo
1083 2050 1259 2121 beatiorem
1274 2073 1346 2116 ease
1360 2053 1524 2128 Metellum,

205 2167 301 2229 qttatn
323 2145 498 2230 Regulum.
543 2147 622 2210 Inde
642 2145 763 2231 igitur,
787 2145 910 2231 iuquit,
935 2146 1122 2211 audiendum
1141 2155 1201 2208 est.
1227 2147 1373 2211 Tamen
1389 2164 1412 2210 a'
1422 2168 1526 2229 propo·

204 2240 289 2315 sito,
313 2237 461 2324 inquam,
486 2242 705 2309 aberramus&
748 2242 827 2305 Non
847 2241 950 2317 enim,
974 2240 1119 2324 inqttatn,
1145 2260 1288 2325 praeno,
1313 2241 1394 2323 quid
1416 2229 1525 2314 veruti,

206 2335 262 2397 sed
284 2334 361 2418 quid
381 2336 496 2419 cuique
518 2335 683 2399 dicendum
705 2336 760 2400 sit.
805 2337 932 2405 Utinam
953 2338 1083 2421 quidem
1104 2335 1247 2401 dicerent
1269 2334 1364 2399 aliurn
1386 2334 1451 2401 alio
1469 2338 1527 2399 het·

204 2427 338 2493 tioretn!
361 2428 422 2493 iam
437 2427 545 2492 ruinas
560 2430 702 2493 videres.
736 2430 775 2492 In
794 2430 912 2495 ruinis
931 2428 1013 2493 enirn
1029 2430 1098 2503 sola
1110 2439 1145 2492 ‚et
1159 2429 1189 2492 in
1208 2427 1279 2510 ipso
1295 2430 1436 2494 honesto
1451 2449 1528 2513 quun

206 2523 248 2587 sit
269 2525 389 2586 bouum
410 2521 570 2603 positum,
594 2544 756 2609 quumque
778 2544 838 2591 nec
859 2525 980 2599 virius,
1006 2537 1040 2587 ut
1061 2524 1166 2606 placet
1186 2524 1269 2598 illis,
1293 2530 1352 2587 uec
1377 2525 1528 2587 honestus

206 2627 349 2704 crescat,
371 2614 467 2698 idque
486 2619 605 2681 bonurn
620 2617 723 2681 solunt
741 2616 801 2694 sit,
819 2639 886 2704 quo
900 2617 956 2703 qui
970 2618 1130 2700 potiatur,
1147 2638 1276 2681 necesse
1292 2629 1341 2680 est
1359 2616 1527 2691 beatiissit,

208 2731 305 2796 quum
318 2709 427 2796 augeri
439 2709 493 2773 id⁷
505 2732 570 2774 non
581 2710 697 2793 possit,
715 2710 746 2776 in
758 2734 823 2796 quo
836 2733 903 2776 uno
913 2711 1053 2795 positum
1065 2723 1114 2777 est
1125 2713 1252 2777 beatum
1265 2733 1335 2776 esse
1346 2734 1355 2774 t
1369 2714 1427 2797 qui
1441 2721 1529 2795 potest

207 2825 278 2868 esse
293 2804 459 2889 quisquam
472 2804 553 2867 alius
567 2805 630 2869 alio
645 2806 795 2871 heatior?
812 2809 973 2883 Videsne,
990 2819 1025 2872 ut
1039 2809 1119 2873 haec
1134 2806 1328 2875 concham?
1355 2808 1403 2870 Et
1417 2804 1530 2870 hercule

85 2952 89 2973 ,
146 2994 153 3007 ,
206 2898 384 2979 (fatendum
409 2911 458 2962 est
483 2899 584 2977 onim,
620 2902 709 2986 quod
734 2900 839 2964 sentio
849 2901 875 2980 ,)
904 2900 1056 2965 mirabilis
1080 2913 1130 2968 est
1149 2903 1245 2984 ‚apud
1273 2899 1347 2966 illos
1377 2910 1530 2964 contextus

258 3182 323 3252 λ(1)
350 3183 441 3255 Locus
468 3181 608 3248 difficilis3
640 3201 771 3259 exparte
791 3199 884 3241 tamen
904 3199 1016 3240 sanutus
1037 3201 1052 3238 a
1071 3184 1210 3239 Lambino
1231 3201 1259 3239 et
1279 3184 1442 3241 Schuetnio.
1480 3182 1532 3239 Stil

205 3275 291 3331 quum
311 3258 358 3312 ille
380 3276 459 3316 recte
477 3259 590 3331 quidem
611 3258 796 3327 adsensum,
824 3258 872 3314 sed
898 3258 982 3314 nimis
1003 3262 1138 3317 violenter
1157 3259 1307 3315 edidisset:
1336 3290 1375 3303 —
1394 3262 1448 3313 sed
1468 3279 1533 3334 pinsas

123 3404 125 3407 ι
204 3333 273 3390 haee
300 3330 443 3407 corporis,
469 3335 544 3388 bona
568 3341 645 3402 siai,
674 3337 774 3390 melius
802 3334 878 3390 idem
904 3354 962 3390 nnn
984 3335 1126 3391 dumtaxat
1147 3356 1172 3390 ν.
1194 3342 1364 3409 transposito
1385 3328 1532 3410 propoiuit:

204 3427 243 3469 se
267 3410 319 3463 sed
341 3411 410 3463 irasc
434 3419 578 3484 corporis,
609 3431 692 3483 qinom
714 3412 788 3464 boran
814 3417 891 3475 sime
922 3411 1033 3467 deinde'
1049 3413 1110 3466 dele
1130 3429 1195 3465 curn
1215 3412 1281 3466 sih.
1300 3418 1327 3467 2.
1348 3412 1423 3464 nihil
1440 3429 1500 3466 ante
1515 3426 1533 3464 r.

205 3485 308 3547 dicere.
359 3489 420 3541 Idm
444 3504 541 3542 sensns
565 3492 674 3559 egregie
693 3493 735 3542 sic
754 3487 900 3562 procedit:
935 3491 994 3543 lam
1013 3489 1126 3543 iliorum
1145 3504 1322 3543 externorum
1341 3494 1423 3560 quasi
1442 3487 1532 3557 pudore

205 3563 299 3634 aliquo
318 3579 495 3633 commotus,
526 3568 595 3617 antis
615 3569 743 3636 exignum
761 3582 907 3619 numerum
927 3570 1111 3626 recensuisti:
1145 3580 1187 3619 est
1207 3569 1366 3631 tamenta,
1400 3583 1493 3619 verum
1515 3566 1532 3615 si

204 3636 328 3705 fateare,
346 3639 443 3712 ,longe
469 3645 560 3695 maior
585 3654 617 3691 ac
643 3655 729 3713 paene
756 3640 899 3701 infinitns;
929 3640 1156 3714 narnpraeterea
1176 3645 1200 3693 si
1220 3641 1290 3693 haec
1309 3645 1437 3712 corporis
1458 3640 1533 3714 (con-

205 3711 300 3781 tundo)
320 3713 446 3768 valetudo
466 3731 520 3771 cet.
539 3730 633 3768 revera
654 3710 726 3768 bona
746 3732 828 3783 sunt,
860 3714 992 3788 adiungas
1013 3731 1123 3792 oportet
1143 3713 1266 3782 iisdem,
1294 3731 1322 3768 et
1342 3721 1371 3768 in
1391 3716 1475 3769 honis
1492 3733 1534 3768 nn-

205 3806 294 3845 meres
315 3805 365 3855 ea,
383 3807 453 3862 quae
473 3807 538 3846 sunt
557 3807 651 3847 eornm
678 3791 877 3858 conficientia,
910 3797 1033 3859 amicos,
1053 3824 1068 3835 -
1084 3824 1098 3835 -
1117 3808 1194 3866 opes.
1231 3789 1287 3845 Sed
1312 3791 1367 3845 hoc
1393 3797 1451 3844 iarn
1476 3786 1534 3844 nihil

205 3882 311 3920 moror.
350 3867 448 3923 Missa
468 3866 543 3922 lucio
578 3866 794 3921 innumerabilia
827 3872 886 3922 ista
913 3868 988 3920 bonu
1023 3883 1146 3922 externa.
1207 3870 1305 3925 Potius
1337 3884 1437 3920 eontra
1479 3869 1534 3919 haec

76 3942 79 3959 '
128 3966 135 3975 ¹
207 3946 379 4011 (sequentia)
400 3943 512 3998 attende
531 3960 577 3995 me
597 3940 701 3996 dicere.
750 3946 808 3997 lam
827 3943 889 3997 vids
908 3944 1101 4016 cormpteias,
1130 3941 1234 3997 collato
1253 3947 1340 3996 etiam
1359 3945 1444 3997 Beier
1463 3933 1534 4013 Offic.

208 4017 244 4071 Τ.
266 4026 292 4074 1.
312 4036 341 4090 p.
362 4022 424 4079 103.
443 4019 480 4074 G.
500 4015 656 4074 sicdedit:
675 4047 714 4060 -
731 4018 886 4084 reddare,
918 4038 1001 4090 prtum
1025 4023 1153 4091 corporis
1177 4018 1251 4071 bona
1276 4024 1335 4070 sint
1358 4037 1457 4072 eorum
1474 4034 1533 4070 con·

199 4090 356 4176 fetentia,
384 4102 460 4146 certe
479 4101 510 4147 in
527 4096 609 4147 bonis
626 4094 803 4162 numerabis,
834 4101 895 4153 sine
915 4110 1014 4158 sensn3
1049 4110 1108 4148 tnm
1127 4109 1191 4167 post
1210 4092 1283 4146 nilsil
1299 4094 1410 4159 dicere,
1443 4100 1473 4148 in
1490 4106 1534 4163 qun

136 4220 138 4225 .
205 4185 265 4230 uon
284 4167 459 4236 haesitabat,
481 4171 630 4227 inculcavit
652 4170 718 4235 sed,
739 4186 766 4225 et
785 4187 879 4225 revere
899 4169 974 4226 Gud.
994 4187 1049 4225 sec.
1069 4172 1133 4224 Bas.
1153 4167 1258 4223 habent
1277 4189 1310 4224 ex
1329 4170 1416 4223 simili
1441 4183 1534 4223 errare:

70 4287 75 4298 .
99 4242 102 4247 ’
206 4272 246 4288 -
264 4244 461 4299 ηἰΙιίΙλιίονοε
490 4247 542 4300 sed
558 4251 625 4298 ista.
645 4275 684 4291 -
701 4254 829 4318 corporis
848 4245 903 4300 del.
924 4251 1033 4300 censuit
1051 4248 1098 4300 Br.
1119 4273 1157 4289 -
1175 4240 1226 4296 sed
1242 4244 1328 4311 haee,
1354 4264 1440 4316 quum
1456 4245 1535 4307 botro·¹

208 4338 273 4379 rum
291 4324 349 4373 sini
366 4318 565 4392 conficientia,
593 4330 668 4372 certe
687 4353 706 4364 -
725 4352 744 4363 -
762 4322 923 4375 mmrercbis
939 4321 1007 4376 sch.
1026 4329 1053 4378 2.
1073 4319 1105 4377 Θ.
1150 4321 1210 4376 Pro.
1223 4319 1296 4372 nihil
1311 4322 1378 4377 Ero.
1397 4316 1533 4374 nantonis

206 4395 317 4450 solebat
335 4414 392 4449 noa
410 4395 505 4457 nihils
523 4396 573 4450 aed
593 4411 736 4468 praestat,
757 4415 846 4472 puto,
864 4397 936 4450 :nhil
954 4413 1019 4449 cnm
1039 4396 1105 4453 Scir.
1123 4401 1152 4463 2.
1172 4413 1224 4469 pro
1240 4412 1325 4470 pravo
1339 4395 1422 4471 gloss.
1437 4395 1533 4450 habere·

206 4471 283 4527 Nam
301 4488 371 4545 quae
390 4476 445 4526 ista
465 4479 588 4527 omnino*
605 4473 758 4526 Latinitas:
788 4474 903 4526 attende
928 4491 971 4524 me
997 4471 1069 4525 nihil
1092 4472 1206 4523 dicere?
1237 4487 1283 4539 er,
1309 4477 1334 4526 si
1358 4473 1401 4528 rel
1426 4476 1533 4525 maxine

207 4548 365 4621 significat:
399 4547 504 4615 „ridc,
534 4565 652 4620 quaeso,
685 4567 729 4602 mc
754 4550 826 4603 nihil
846 4548 978 4611 ditere”;
1011 4560 1147 4622 repugnat
1166 4553 1368 4601 sententiarum
1388 4540 1533 4601 contextui!

207 4623 284 4684 Vidit
305 4630 362 4679 iam
381 4625 555 4691 Lambinus,
571 4627 741 4696 suspicatus:
761 4654 800 4668 -
818 4625 948 4690 attende,
967 4643 1006 4676 an
1024 4623 1098 4675 nihii
1113 4622 1216 4675 uidear
1235 4622 1342 4679 dicere„
1374 4625 1412 4692 (ἵ)
1432 4638 1470 4678 oo
1487 4634 1532 4679 oni·

206 4719 277 4760 vero
297 4701 371 4775 Spir.
390 4698 490 4771 Erite
510 4700 592 4774 ot[].
642 4697 682 4769 (³)
700 4729 739 4745 ·-·
758 4710 790 4753 ct
811 4702 915 4756 Bremii
933 4716 1009 4774 susp.
1057 4698 1097 4773 (4)
1116 4694 1270 4765 tumXCdd.
1289 4700 1326 4754 G.
1344 4704 1372 4754 2.
1391 4727 1428 4742 -
1447 4708 1532 4753 censor

208 4782 296 4836 sitam
312 4794 459 4848 augurque
496 4783 598 4842 uisset,
630 4781 659 4826 st
677 4782 715 4828 tr.
734 4777 776 4830 Μ.
799 4777 829 4834 L.
850 4777 884 4831 D.
905 4783 931 4834 1.
951 4801 987 4817 -·
1005 4793 1104 4829 censor
1122 4780 1209 4826 etiam
1235 4792 1329 4843 catgur
1373 4779 1476 4839 uisset,
1503 4779 1532 4822 tr·
1578 4806 1579 4815 .

208 4854 431 4913 Pus-censor
450 4861 539 4919 esset,
559 4849 797 4921 superflueret,
817 4852 923 4923 trice.
942 4851 975 4907 V.
1026 4851 1066 4919 (ὅ)
1085 4880 1122 4897 -
1141 4849 1223 4903 modo
1242 4853 1324 4903 nrt.
1366 4888 1374 4904 .
1423 4848 1462 4916 (6)
1480 4858 1532 4898 euni
1578 4896 1579 4901 ,

1577 4770 1579 4801 t

1577 4820 1579 4863 l

208 4926 483 4984 edd.ith11.G.
504 4933 589 4987 2.-
606 4925 801 4980 aberravimus
818 4929 922 4996 Ceteri.
941 4934 1131 4979 -ierrcmua
1154 4923 1215 4981 Pii.
1240 4936 1331 4997 (μω.
1358 4922 1437 5000 pr‘oh.
1463 4921 1532 4978 Grut«

209 4993 247 5087 (²)
267 5020 332 5062 cnm
351 5001 421 5063 cdd.
442 5005 479 5061 G.
499 5007 526 5071 2,
544 5021 583 5063 π
601 5003 631 5056 id
649 5019 718 5072 aug,
738 5003 841 5061 Ceteri.
