3252 5490
569 380 895 465 nimiunn.
1009 474 1012 481 y
1169 342 1175 359 ⁴
1344 402 1404 466 ssa

156 541 309 607 XXXV.
334 541 407 603 llo.
431 540 525 624 Lege
546 540 763 616 laudationes,
796 542 987 627 Torquate,
1012 562 1078 605 non
1102 562 1232 617 eorum,
1257 543 1409 628 quisunt
1436 530 1440 539 “

77 639 114 699 ab
134 638 281 700 Homero
302 635 440 711 laudati,
464 657 528 700 non
544 635 644 715 Cyri,
668 657 734 701 non
749 636 916 720 Agesilae
939 658 1008 703 non
1023 627 1195 713 Aristidil,
1219 638 1293 699 aut²
1317 640 1407 702 The·

76 729 223 804 mistocli3
247 750 311 794 non
328 729 490 813 Philippi,
515 735 589 794 aut³
612 732 811 801 Alexandri:
835 736 1113 821 legenoslrorutn
1128 731 1309 808 bominum,
1331 732 1406 816 lege

76 837 195 889 vennae
217 824 375 901 familiae3
397 826 555 889 neminem
576 826 700 891 videbis
722 830 764 894 ita
787 832 963 905 inundatum,
988 838 1023 891 ut
1042 826 1158 891 artifex
1173 824 1303 889 callidem
1319 847 1409 903 coru*-

75 924 283 1005 parandarum
319 912 534 1002 uoluptatum
555 920 729 987 diceretur.
787 928 865 989 Non
898 922 1028 1007 elogia‘*
1064 933 1341 986 monumentorum
1373 920 1407 985 id

74 1013 277 1102 significant?
298 1015 388 1077 velut
401 1015 465 1077 boc
480 1002 520 1077 ad
533 1027 682 1096 portam:
707 1017 725 1051 1
735 1040 829 1083 vuum
845 1040 933 1095 nvnc
952 1017 1147 1079 sovs1nrse⁵
1171 1036 1406 1079 consens-runa*

27 1152 28 1169 .
75 1132 214 1186 neurus,
240 1130 363 1174 noenu
379 1130 570 1171 retorserunt
588 1130 696 1172 rvrsss
714 1133 835 1176 vmvnr.
869 1114 955 1181 117.
972 1112 1052 1174 Idne
1068 1109 1269 1173 consensisse
1285 1112 1323 1173 de
1340 1110 1406 1174 Ca·

74 1204 169 1267 latiam
191 1203 345 1286 plurimis
371 1214 485 1287 gentes
507 1201 718 1281 arbitramur,
744 1206 926 1288 primarium
943 1198 1056 1288 populi
1070 1196 1194 1278 fuisse,
1214 1205 1300 1286 qnod
1315 1224 1409 1284 prae·

26 1344 27 1347 κ
74 1298 281 1363 stantissitnns
303 1297 417 1360 fuisset
438 1298 469 1360 in
493 1286 698 1361 conficiendis
721 1297 969 1383 voluptatibus?
993 1299 1087 1381 Ergo
1102 1297 1135 1358 in
1149 1296 1207 1359 iis⁶
1224 1297 1408 1360 adolescen-

75 1393 155 1456 tibus
177 1395 297 1458 bonam
319 1415 407 1475 spero
429 1413 499 1456 esse
522 1392 662 1454 dicemus
684 1406 716 1456 et
739 1416 883 1479 magnam
903 1393 1061 1467 indolem,
1087 1411 1168 1474 quos
1184 1391 1249 1453 suis
1264 1411 1407 1454 commo·

76 1486 119 1549 dis
132 1486 357 1560 inservituros,
375 1497 405 1548 et
418 1484 569 1570 quidquid
580 1486 657 1567 ipsis
667 1488 827 1568 expediat,
844 1489 988 1550 factrices
1000 1484 1226 1547 arbitrabimur
1235 1484 1272 1546 11
1286 1486 1405 1549 Nonne

76 1580 230 1656 ridemus,
258 1591 375 1664 quiante
394 1579 595 1661 perturbatio
614 1603 721 1644 rerum
738 1582 877 1646 omnium
897 1579 1140 1664 consequatur?
1164 1591 1280 1663 quanta
1295 1574 1409 1668 coniri-³

78 1673 146 1738 sio?
169 1674 315 1749 Tollitur
336 1674 547 1748 beneficium,
571 1674 695 1738 tollitur
718 1676 839 1759 gratia;
864 1695 944 1761 qnae
967 1684 1041 1736 saint
1056 1672 1183 1736 vincula
1202 1672 1406 1741 concordiae.
1501 1668 1505 1672 ’

78 1769 142 1830 Nec
163 1768 268 1844 enim,
292 1768 319 1831 si
340 1779 426 1831 trram
448 1770 490 1832 ob
507 1790 633 1832 sarisam
651 1767 798 1854 siliquam
822 1770 1026 1843 commodes,
1051 1767 1239 1831 beneficium
1258 1766 1338 1829 illud
1351 1768 1409 1828 ba·

77 1863 208 1925 bendum
231 1875 298 1938 est,
324 1864 381 1926 sed
401 1862 580 1927 feneratio:
612 1884 670 1926 nec
689 1865 792 1947 gratia
815 1863 926 1927 deberi
952 1861 1079 1925 videtur
1103 1861 1152 1938 ei,
1177 1860 1341 1946 quisnam
1363 1865 1407 1926 ob

78 1978 197 2019 caussam
217 1956 489 2043 commodaverit,
521 1957 683 2020 Maximae
699 1979 780 2021 vero
794 1957 930 2021 virtutes
948 1952 1052 2020 iacere
1068 1977 1178 2021 omnes
1194 1977 1323 2019 necesse
1339 1968 1404 2032 est,
1431 1968 1444 2005 t

77 2050 238 2131 voluptate
255 2051 448 2114 dominante.
473 2050 553 2113 Sunt
564 2051 657 2114 etiam
668 2051 880 2134 turpitudiues
892 2051 1059 2133 plurimae,
1074 2073 1169 2136 qnae,
1187 2049 1246 2112 nisi
1258 2052 1408 2114 honestas

77 2145 203 2206 natiud⁸
217 2145 391 2227 plurimum
409 2145 528 2221 valeat,
553 2166 611 2207 cur
626 2167 691 2217 uon
706 2149 820 2208 cadant
834 2146 867 2208 in
885 2145 1077 2228 sapientem,
1103 2166 1168 2208 non
1183 2156 1230 2207 est
1244 2144 1338 2208 facile
1351 2147 1407 2207 de-

77 2237 215 2301 fendere.
264 2240 337 2302 118.
361 2237 432 2313 Ac,
455 2260 495 2301 ne
516 2239 607 2323 plura
631 2240 828 2327 complectar
847 2243 933 2318 (sunt
955 2240 1037 2303 enim
1059 2238 1313 2318 innumerabilia)
1326 2242 1408 2313 bene

78 2331 197 2395 laudata
219 2331 325 2395 virtus
349 2331 543 2414 voluptatis⁹
566 2332 667 2399 aditus
685 2333 875 2400 intercludat
890 2356 1022 2399 necesse
1037 2345 1100 2396 est.
1139 2333 1237 2414 Quod
1250 2333 1310 2395 iam
1325 2355 1342 2395 a
1359 2355 1407 2396 me

78 2438 261 2510 exspectare
276 2425 355 2490 noli.
380 2428 464 2488 Trite
479 2426 656 2507 introspice
669 2426 701 2490 iu
716 2441 850 2491 mentem
866 2441 949 2492 tuam
962 2429 1053 2510 ipse:
1073 2449 1205 2513 eamque
1219 2426 1304 2491 omni
1316 2426 1407 2511 cogi·
1458 2492 1471 2515 x

79 2521 189 2584 tatione
211 2531 432 2603 pertractans,
457 2532 650 2600 percontare
671 2521 745 2603 ipse
767 2534 818 2598 te,
849 2523 1056 2606 perpetuisne
1079 2521 1169 2583 malis
1191 2521 1409 2603 voluptatibus

79 2615 241 2697 perfruens
249 2615 290 2690 ¹⁰,
304 2614 335 2677 in
352 2635 400 2690 ea,
414 2636 507 2698 quam
523 2636 618 2696 saepe
633 2618 823 2698 usurpabas,
840 2612 1068 2700 tranquillitate
1084 2616 1201 2699 degere
1216 2636 1341 2678 omnem
1355 2636 1409 2678 ae-

79 2719 169 2772 tatem
186 2694 408 2786 sinensium,
433 2722 595 2792 assumpto
616 2710 708 2773 etiam
729 2710 804 2786 illo,
829 2713 918 2794 quod
939 2730 998 2773 vos
1019 2707 1145 2792 quidem
1165 2708 1338 2792 adiungere
1353 2729 1410 2772 so·
1502 2772 1506 2777 ,
1563 2732 1567 2741 1

79 2800 162 2880 letis,
176 2806 240 2866 sed
255 2802 328 2866 lieri
342 2825 407 2867 non
425 2814 551 2884 potest,
576 2804 643 2868 siue
659 2805 782 2869 doloris
803 2816 909 2867 metu:
934 2825 972 2865 an
991 2825 1087 2884 quum
1108 2805 1147 2864 de
1163 2801 1308 2865 omnibus
1328 2824 1407 2886 gen·

81 2895 158 2960 tibus
177 2899 299 2980 optime
314 2917 491 2974 mererere,
509 2920 605 2982 qrnrm
622 2919 716 2980 opem
732 2899 943 2983 indigentibus
955 2899 979 2935 ²¹
991 2897 1191 2979 salutemque
1207 2897 1328 2973 serres,
1354 2896 1408 2958 vel

81 2991 224 3055 Herculis
243 2991 370 3074 perpeti
388 2986 563 3073 aerumnas.
600 2992 654 3057 Sic
674 2991 755 3055 enim
775 2992 914 3057 maiores
933 2990 1035 3054 nostri
1050 2991 1180 3054 labores
1198 3013 1262 3054 non
1281 2990 1407 3074 fugien-
1471 2984 1474 2991 “

83 3085 152 3161 dos,
174 3085 357 3149 tristissimo
378 3096 481 3147 tamen
505 3087 606 3151 verbo
624 3107 790 3150 aerumnas
799 3089 839 3162 11,
864 3086 957 3151 etiarn
974 3085 1006 3148 in
1022 3086 1130 3159 11011,
1150 3084 1407 3151 nominaverunt.

83 3178 150 3243 119.
163 3180 342 3266 Exigerem
356 3201 396 3241 ex
410 3191 458 3255 te,
477 3200 712 3266 cogeremque,
729 3192 764 3242 nt
779 3182 1011 3263 responderes,
1029 3178 1090 3241 nisi
1105 3200 1248 3253 vererer,
1265 3199 1305 3240 ne
1320 3180 1409 3240 Her·
1457 3228 1461 3235 .

82 3273 176 3336 culem
196 3274 299 3357 ipsum
320 3295 378 3348 ea,
403 3295 485 3358 quae
506 3297 568 3356 pro
592 3277 692 3338 salute
713 3274 854 3359 gentium
877 3296 1000 3337 stimmo
1019 3275 1134 3337 labore
1155 3272 1324 3357 gessisset,
1349 3292 1409 3334 vo·

82 3362 203 3448 luptatis
231 3389 328 3430 causa
355 3367 492 3453 gessisse
518 3367 655 3432 diceres.
702 3368 792 3448 Quae
818 3390 914 3452 quum
939 3367 1107 3444 dixissem,
1139 3370 1274 3450 Habeo,
1306 3366 1409 3451 iuquit

333 3492 336 3501 .
633 3464 640 3497 l
786 3464 795 3476 “

151 3608 190 3686 (1)
210 3632 244 3666 ex
262 3612 321 3666 Erl.
342 3612 378 3667 G.
398 3619 424 3669 2.
443 3636 482 3672 =
500 3614 677 3686 Aristidis·
697 3645 715 3657 -
731 3613 926 3667 Themistoclis
945 3616 1048 3669 Ceteri.
1088 3613 1126 3689 (1)
1147 3631 1212 3667 cum
1231 3612 1300 3667 Cdd.
1321 3615 1353 3668 V.
1373 3612 1410 3668 G.
1515 3615 1520 3625 ’

83 3689 108 3740 2.
126 3717 162 3730 -
180 3707 237 3741 non
264 3689 366 3743 Ceteri.
414 3688 451 3764 (³)
472 3707 536 3742 cum
557 3688 626 3745 Cdd.
647 3692 722 3744 Crat.
743 3692 779 3745 G.
799 3697 826 3746 2.
846 3720 882 3733 -
902 3709 958 3743 non
978 3695 1078 3744 Ceteri.
1130 3690 1168 3758 (1)
1188 3719 1226 3733 --
1245 3691 1355 3759 eclogia
1378 3690 1410 3743 L.
1513 3736 1522 3751 .

85 3756 119 3833 (⁵)
136 3763 256 3817 Unicam
276 3780 303 3817 et
323 3766 404 3817 huius
424 3764 442 3818 l.
463 3780 489 3818 et
510 3765 544 3818 de
563 3768 670 3818 Senect.
691 3768 714 3833 i.
727 3764 781 3825 ¹61.
801 3765 967 3819 emendandi
988 3772 1082 3832 viam,
1116 3765 1286 3835 eandemque
1314 3769 1412 3818 certis-

85 3841 193 3905 simam,
227 3839 401 3894 demonstrat
427 3839 548 3914 elogium
574 3843 606 3894 L.
636 3842 794 3914 Scipionis,
826 3841 940 3896 Barbati
965 3839 1103 3914 ¹fibepud
1127 3844 1254 3894 visconti
1281 3841 1409 3895 Menum.

85 3910 155 3980 degli
167 3915 299 3988 Scipioni.
312 3917 386 3970 Tac.
401 3919 434 3970 V.
452 3936 482 3988 p.
503 3922 546 3975 11.
555 3935 566 3968 .·
584 3935 661 3968 nunc
680 3935 750 3970 orno
768 3935 914 3969 enorum
934 3935 1112 3969 cosnnrronr
1132 3916 1198 3990 (sic)
1219 3933 1246 3968 a.
1260 3954 1268 3969 .
1282 3953 1313 3970 ..
1333 3935 1411 3968 nro-

84 4004 153 4041 nono
179 4009 296 4044 orrrno
321 4009 404 4044 srrsn
431 4011 508 4046 arno.
535 3993 609 4065 Ergo
636 3999 665 4046 in
692 3992 813 4047 Calatini
840 4011 948 4067 qnoque
973 4008 1156 4047 monumento
1184 4007 1243 4044 erat
1269 3991 1313 4046 vel
1334 4009 1410 4043 none

85 4079 148 4115 orno
167 4066 226 4134 vel,
256 4084 310 4140 quo
330 4065 436 4123 ducunt
455 4073 556 4141 optimi
575 4067 645 4122 Cdd.
665 4069 722 4124 Pal.
743 4087 784 4141 pr.
805 4067 880 4142 Spir.
897 4068 955 4122 Erl.
976 4067 1137 4121 exhibentes
1157 4086 1211 4119 uno
1232 4085 1308 4131 cum,
1340 4085 1411 4119 o1uo

84 4153 170 4207 none,
199 4148 294 4215 sicque
313 4141 393 4207 dedi,
424 4148 578 4198 recendens
599 4149 755 4217 scriptura,
785 4162 869 4216 qnam
889 4149 919 4197 in
939 4149 1040 4197 ceteris
1059 4143 1167 4197 librarii
1188 4147 1300 4216 potins,
1327 4157 1411 4211 qnam
1442 4146 1446 4153 “

86 4211 185 4271 Tullius
206 4223 281 4292 ipse,
315 4217 444 4273 videntur
470 4223 560 4273 secuti
587 4238 655 4273 esse.
692 4220 749 4272 Cur
768 4225 842 4273 enim
861 4225 1058 4292 interpretatus
1078 4235 1151 4275 esset
1171 4224 1201 4271 in
1220 4218 1314 4288 seqq.l
1346 4217 1409 4271 Fuit

85 4291 180 4360 igitur:
207 4312 279 4347 orno
304 4311 381 4347 trono
405 4312 551 4347 recturus
570 4312 748 4365 cosnnwonn
770 4311 936 4348 cen-ors
953 4314 1006 4346 rano
1024 4295 1162 4366 plurimae
1183 4298 1211 4348 P.
1231 4294 1352 4345 Marsus.
1372 4320 1411 4335 -

85 4379 129 4421 ονε
145 4387 198 4421 arno
216 4375 261 4422 caci
275 4370 316 4441 pl.
334 4371 379 4425 ln.
392 4397 427 4414 -
441 4388 495 4426 rano
515 4388 564 4427 ore
583 4376 629 4422 cui
643 4370 684 4439 pl.
704 4371 750 4425 Cr.
771 4371 803 4423 V.
824 4371 867 4423 M.
887 4373 918 4423 L.
939 4380 966 4428 1.
987 4374 1032 4423 Br.
1052 4370 1087 4424 G.
1108 4390 1141 4424 ex
1161 4367 1324 4441 insterpol.;
1343 4383 1411 4419 nam

86 4454 129 4493 are
152 4448 181 4497 in
198 4445 276 4498 nullo
297 4446 332 4500 G.
353 4442 405 4503 ci.
425 4444 558 4501 exstabat.
578 4454 748 4515 -portam
767 4451 898 4497 santerna:
918 4463 998 4499 sain.
1019 4463 1034 4497 e
1054 4458 1187 4519 corrupto
1207 4444 1226 4498 l.
1246 4444 1280 4495 de
1294 4445 1409 4496 -Senecd

85 4515 107 4580 l·
123 4520 168 4576 61.
186 4520 222 4575 D.
240 4521 309 4579 Lall.
330 4521 395 4576 Scb.
415 4528 442 4576 2.
478 4521 601 4577 Unicum
622 4514 702 4573 liuius
723 4526 831 4593 generis
852 4537 918 4574 sane
937 4539 994 4575 non
1012 4518 1116 4588 fuisse,
1147 4520 1320 4574 demonstrat
1339 4515 1411 4585 illud

85 4587 229 4664 Scipionis.
279 4596 317 4671 (1)
350 4626 390 4640 -
419 4597 463 4650 liis
488 4614 553 4650 cnm
580 4594 650 4650 Cdd.
679 4596 744 4666 aliq.
770 4594 841 4649 Edd.
868 4613 932 4650 ante
959 4596 1038 4650 Man.
1065 4596 1101 4653 G.
1124 4603 1150 4652 2.
1198 4596 1235 4663 (⁷)
1254 4612 1321 4651 curn
1340 4592 1410 4649 Cdd.

86 4662 177 4737 (etiam
204 4673 277 4740 Μο.)
306 4673 342 4731 G.
372 4679 399 4729 2.
428 4701 464 4715 ·-
492 4673 669 4727 arbitramur
697 4672 800 4725 Ceteri.
847 4675 885 4741 (3)
912 4701 948 4715 -
973 4670 1092 4725 honesta
1116 4679 1223 4724 eatena
1249 4669 1317 4724 cdd.
1344 4670 1410 4741 aliq.

87 4743 177 4805 (etiam
204 4747 277 4822 Mo.)
304 4746 383 4821 prob.
412 4750 493 4806 Grut.
519 4777 556 4791 ·-
585 4748 743 4801 honestatis
768 4756 873 4800 natura
900 4748 947 4801 Cr.
998 4746 1091 4820 (1)-
1108 4748 1251 4819 voluptati
1269 4746 1301 4799 L.
1322 4750 1352 4799 in
1372 4762 1411 4800 m.

87 4821 163 4878 15811.
181 4828 250 4889 (non
270 4825 366 4890 1566.)
417 4821 467 4896 (¹⁰)
487 4840 552 4877 cnm
573 4822 641 4878 Cdd.
662 4824 693 4878 L.
713 4824 796 4894 Seqq.
815 4831 852 4867 -‘-
868 4824 1010 4895 perfluens
1028 4822 1096 4878 Cdd.
1118 4821 1182 4894 aliq.
1201 4818 1271 4875 Edd.
1293 4819 1358 4874 ant'e
1379 4821 1412 4871 L.
1434 4882 1439 4885 Δ

87 4891 133 4965 (¹¹)
158 4925 195 4938 ·-
218 4899 428 4971 indulgentibus
450 4900 482 4954 L.
508 4917 559 4952 err.
572 4946 574 4949 ,
587 4914 696 4972 typogr.
748 4896 799 4972 (11)
829 4929 868 4944 --
893 4917 1043 4953 aerumnas
1068 4899 1102 4955 D.
1129 4896 1179 4971 [].
1205 4896 1268 4955 Del.
1294 4897 1365 4951 Ern.
1385 4904 1412 4955 1.
1466 4923 1471 4934 ·

88 4965 133 5043 (¹³)
151 4998 187 5013 ·-
204 4980 304 5043 etiam,
325 4983 356 5027 ut
374 4975 458 5028 video
478 4973 547 5029 Cdd.
568 4974 633 5049 aliq.
653 4977 683 5031 P.
703 4970 749 5029 Cr.
806 5048 813 5052 .
