3188 5492
519 414 613 487 Lus.
637 417 683 481 v.
722 413 764 480 o.
788 414 821 479 2.
844 416 878 481 a.
902 416 934 480 t.
991 508 993 517 Ι
1315 380 1395 485 'ssu

49 567 173 641 sponte
196 556 378 641 propensus
401 555 460 622 es?
482 557 569 621 Mihi
589 556 718 644 quidem
733 557 948 647 Antiochum,
969 578 1068 643 quem
1083 557 1191 636 audis,
1215 559 1291 627 satis
1310 562 1394 627 bello

49 653 177 719 videris
198 655 372 716 attendere.
432 653 516 715 'l'um
537 651 592 715 illc
615 650 740 728 timide,
776 652 828 714 vel
846 651 955 733 potius
974 655 1170 730 v'erccuudc,
1195 654 1314 730 Facio,
1347 655 1395 717 in-

49 746 143 831 quit,
180 746 346 833 equidemt
370 749 426 811 sed
447 745 603 812 audistine
624 748 721 811 modo
744 747 784 809 de
807 744 988 811 Charmada
996 746 1032 810 ¹?
1059 747 1171 829 rapior
1192 748 1280 812 illuc.
1326 753 1395 831 Rc·
1479 812 1482 823 ,

48 853 153 907 vocat
176 853 280 904 autem
303 840 505 907 Antiochus:
528 862 588 904 neo
610 853 657 905 est
679 851 866 922 praeterea,
891 863 985 924 quem
1006 844 1180 906 audiamus.
1265 886 1278 931 ,
1356 918 1360 921 .

120 936 189 1000 ΙΙΙ.
207 936 239 999 7.
253 936 336 997 'sum
353 935 446 1010 Piso,
463 933 535 999 Etsi
545 935 622 1011 hoc,
635 933 748 1016 iuquit,
766 933 906 999 sortasse
918 956 983 1000 non
993 937 1115 1017 poterit
1126 936 1172 1000 sic
1184 937 1283 1015 abire,
1296 961 1399 1023 quum,

46 1029 107 1092 hic
124 1028 224 1105 adsit,
244 1031 308 1107 (me
323 1040 428 1093 autem
446 1027 610 1117 dicabat,)
624 1039 725 1091 tamen
743 1029 869 1095 audebo
885 1038 916 1090 te
931 1029 979 1095 ab·
989 1029 1049 1092 hac
1066 1029 1241 1094 Academia
1255 1053 1340 1096 noua
1356 1036 1396 1097 ad

47 1122 202 1188 veterem
220 1123 326 1191 ittamt
346 1143 483 1198 uocare3
507 1122 540 1186 in
562 1143 644 1207 qua,
669 1133 704 1183 ut
724 1121 832 1184 dicere
852 1121 1050 1185 Antiochum
1072 1123 1239 1201 audiebas,
1264 1148 1329 1190 non
1350 1127 1394 1190 ii³

47 1218 118 1281 soli
140 1229 367 1293 numerantur,
405 1216 460 1302 qui
480 1215 667 1280 Academici
699 1228 882 1290 vocantur,
920 1214 1137 1299 Speusippus,
1167 1218 1392 1297 Xenocrates,

47 1313 216 1386 Polemo,
241 1311 402 1386 Crantor,
427 1309 625 1394 ceteriquel,
660 1309 828 1375 sedetiam
846 1308 1057 1392 Peripatetici
1075 1322 1222 1389 veteres,
1254 1335 1392 1400 quorum

45 1406 208 1494 princeps
230 1405 444 1480 Aristoteles,
468 1425 581 1489 quem,
605 1415 745 1487 excepto
763 1404 920 1480 Platone,
945 1406 1032 1467 haud
1052 1404 1120 1470 scio
1144 1427 1184 1469 an
1200 1421 1288 1473 recte
1302 1411 1395 1475 dixe·

47 1501 115 1565 rim
139 1499 319 1583 principem
339 1499 629 1582 philosophorum.
659 1499 714 1562 Ad
736 1519 793 1562 eos
814 1496 914 1583 igitur
929 1509 1083 1563 converte
1093 1512 1148 1575 te,
1172 1522 1305 1585 quaeso.
1339 1506 1394 1567 Ex

46 1617 167 1660 eorum
203 1593 286 1657 euim
308 1592 436 1675 scriptis
457 1603 490 1655 et
511 1584 664 1655 institutis
686 1613 783 1676 quum
806 1590 908 1655 omnis
930 1592 1080 1657 doctrina
1097 1593 1257 1671 liheralis,
1274 1597 1393 1675 ,omnis

45 1688 210 1767 historia,
229 1687 348 1759 ,omnis
376 1706 483 1751 sermo
507 1687 635 1772 elegans
658 1686 738 1750 sumi
760 1698 886 1770 potest,
910 1698 977 1749 tum
1001 1689 1138 1752 varietas
1161 1681 1209 1753 est
1231 1701 1317 1753 tanta
1340 1713 1392 1754 ar·
1453 1719 1456 1723 ’

44 1785 152 1860 tium,
185 1792 227 1847 ut
257 1804 351 1846 nemo
380 1781 448 1844 siue
475 1802 516 1846 eo
548 1781 757 1846 instrumento
787 1783 828 1846 ad
859 1781 956 1847 ullam
984 1804 1053 1845 rem
1079 1782 1292 1847 villustriorem
1308 1785 1393 1868 “satis
1471 1860 1475 1875 y

46 1890 187 1946 ornatus
206 1870 309 1960 possit
331 1879 496 1940 accedere.
540 1875 595 1940 Ab
618 1875 667 1939 his
687 1887 854 1954 oratores,
880 1876 992 1949 abhis
1007 1875 1216 1960 imperatores
1232 1900 1269 1941 ac
1284 1901 1393 1943 rerum

45 1973 256 2056 psshlicarum
284 1969 446 2052 principes
473 1968 676 2035 exstitertmt.
721 1971 767 2034 Ut
792 1973 833 2042 ad
850 1971 974 2036 minora
993 1972 1137 2048 neniam,
1162 1973 1391 2050 mathematici,
1446 2002 1449 2009 ¹

45 2068 196 2150 poetae,
220 2064 351 2141 musici,
389 2062 502 2127 medici
513 2064 658 2148 rdeuique
681 2084 723 2128 ex
742 2062 823 2140 hac,
845 2075 1008 2150 tamquam
1031 2066 1091 2128 ex⁵
1115 2066 1254 2131 omnium
1277 2068 1422 2132 artuum

47 2160 202 2237 officina,
226 2157 366 2243 profecti
388 2170 474 2225 stant.
529 2159 563 2222 8.
586 2157 719 2244 Atque6
737 2179 824 2243 ego,
849 2158 920 2222 Scis
942 2181 1011 2236 me,
1035 2159 1182 2246 inquam,
1205 2159 1293 2225 istud
1310 2162 1392 2227 idem

47 2253 193 2331 sentire,
228 2247 328 2318 Piso:
357 2255 415 2317 sed
448 2274 466 2316 a
499 2263 532 2315 te
560 2263 745 2341 opportune
765 2253 1012 2317 factamentio⁷
1035 2266 1096 2317 est.
1153 2257 1285 2319 Studet8
1311 2257 1392 2321 enim

47 2371 144 2425 metas
160 2346 272 2412 audire
282 2345 426 2424 Cicero,
446 2366 599 2431 quaenam
614 2346 655 2410 sit
665 2345 755 2415 istius
770 2348 899 2424 veteris,
925 2370 1020 2433 quam
1036 2371 1281 2426 commemoras,
1305 2351 1393 2416 Aca-

47 2442 178 2509 demiae
194 2445 233 2506 dc
248 2441 363 2507 finibus
377 2442 555 2516 bonorum,
579 2440 934 2527 Peripateticorumque
949 2443 1120 2509 sententia.
1165 2444 1342 2510 Censemus
1361 2460 1391 2511 te
1436 2444 1440 2457 '

47 2532 183 2601 autem⁹
196 2536 343 2602 facillime
364 2534 395 2598 id
411 2535 582 2617 explanare
596 2555 712 2617 posse,
738 2524 825 2620 quod
840 2548 873 2600 et
888 2539 1030 2600 Staseam
1049 2537 1294 2619 Neapolitanum
1311 2542 1391 2605 mul-

47 2643 107 2703 tos
129 2652 233 2697 annos
251 2604 404 2696 habueris
426 2631 510 2713 apud
529 2640 580 2707 te,
606 2632 838 2713 etcomplures
857 2630 920 2697 iam
937 2652 1060 2695 menses
1075 2631 1211 2697 Athenis
1229 2635 1392 2717 haec-ipsa

22 2737 83 2789 =te
105 2745 150 2788 ex
166 2723 332 2791 Antiocho
350 2723 549 2787 videamus¹⁰
575 2722 760 2806 exquirere.
812 2726 856 2791 Et
877 2726 929 2789 ille
954 2724 1084 2803 ridens,
1115 2728 1210 2813 Age,
1240 2750 1318 2814 age,
1342 2730 1392 2792 in·

48 2819 144 2904 quit,
168 2819 259 2900 (tatis
281 2818 364 2885 enim
386 2817 466 2899 scite
481 2839 531 2884 me
556 2817 660 2884 nostri
677 2819 833 2883 sermonis
851 2818 1043 2902 principium
1062 2842 1131 2887 esse
1151 2820 1312 2903 voluisti3)
1334 2844 1393 2886 en-

45 2934 212 2997 ponamus
227 2912 439 2989 adolescenti,
461 2911 491 2975 si
511 2932 593 2996 quae
602 2913 628 2951 ¹¹
642 2910 731 2975 torta
744 2930 927 2996 possumus.
972 2914 1038 2978 Dat
1053 2914 1135 2980 enim
1149 2915 1183 2979 id
1200 2916 1294 2980 nobis
1312 2915 1398 2980 soli·‘

47 3010 149 3073 tudo.
204 3007 306 3087 Quod
328 3006 355 3069 si
376 3004 481 3091 quis¹²
503 3008 580 3075 dctus
606 3004 747 3082 diceret,
770 3026 930 3089 uunquam
950 3018 1116 3093 putarem,
1141 3030 1191 3073 me
1209 3011 1242 3073 in
1262 3011 1392 3074 Acade·

49 3100 138 3175 mia,
177 3111 341 3184 tamquam
369 3087 616 3183 philosophum,
651 3100 902 3182 disputaturum!
926 3101 989 3165 Sed
1005 3104 1091 3187 ne¹³,
1115 3105 1188 3167 dum
1201 3103 1278 3166 huic
1296 3107 1391 3168 ohse-

52 3217 158 3281 quor,
183 3190 277 3277 yohis
295 3194 447 3258 molestus
466 3193 538 3259 sim.
559 3192 655 3272 Mihi,
675 3192 815 3278 iuquam,
840 3194 946 3281 quite
964 3195 997 3258 id
1013 3194 1271 3282 ipsumrogavi?
1294 3199 1391 3274 Tum,
1414 3238 1416 3253 ι

50 3287 198 3372 Quintus
217 3299 250 3353 et
274 3287 477 3371 Pomponius
499 3309 597 3371 quum
615 3286 698 3351 idem
722 3309 757 3351 se
774 3288 857 3352 velle
880 3289 1051 3366 dixissent,
1075 3289 1153 3357 Piso
1173 3313 1309 3356 exorsus
1328 3303 1390 3355 est.
1426 3286 1428 3291 ’

48 3383 160 3453 Cuius
174 3381 302 3459 oratio,
317 3385 443 3447 attende
456 3401 594 3465 quaeso,
612 3383 734 3458 Brute,
751 3380 869 3444 satisne
884 3381 1029 3446 videatur
1047 3383 1204 3447 Antiochi
1221 3386 1390 3468 complexa

50 3498 127 3545 esse
141 3476 348 3557 sententiam:
382 3496 477 3559 qnam
495 3473 574 3552 tihi,
598 3474 652 3559 q'ui
668 3476 803 3541 fratrem
821 3473 891 3539 eius
911 3475 1056 3543 Aristum
1076 3477 1262 3563 frequenter
1283 3478 1390 3545 audie·
1461 3482 1463 3487 ⁴

50 3572 120 3650 ris,
145 3569 283 3635 maxime
304 3571 472 3652 probatam
495 3568 658 3637 existimo.

141 3664 212 3728 IV.
234 3662 288 3728 Sic
307 3675 356 3726 est
371 3662 629 3748 igitur'locutus.
675 3664 708 3729 9.
732 3664 880 3745 Quantus
898 3677 1032 3732 ornatus
1050 3667 1084 3732 in
1101 3667 1392 3751 Peripateticorum
1433 3682 1436 3687 '

51 3756 224 3840 disciplina
238 3756 298 3833 sit,
321 3758 399 3820 satis
417 3769 467 3821 est
485 3779 503 3823 a
518 3778 587 3832 me,
611 3768 647 3820 ut
663 3756 853 3823 brevissime
870 3760 979 3842 potuit
987 3763 1025 3842 11,
1040 3763 1151 3846 paullo
1167 3775 1239 3827 ante
1258 3763 1390 3828 dictum.

49 3855 123 3918 Sed
138 3864 187 3919 est
208 3852 315 3919 forma
327 3851 395 3915 cius
414 3842 618 3934 disciplinae,
641 3850 723 3915 sicut
739 3851 808 3917 sere
821 3865 1023 3935 ceterarum,
1049 3856 1181 3940 triplex.
1226 3859 1298 3923 Una
1314 3878 1392 3947 pars

51 3961 105 4014 est
121 3948 310 4030 naucrae¹⁵z
334 3945 526 4023 disserendi,
550 3945 670 4009 altera:
692 3945 840 4021 vivendi,
863 3948 972 4013 tertia.
1026 3951 1151 4025 Natura
1172 3951 1219 4015 sic
1241 3954 1281 4014 ah
1304 3951 1390 4015 his¹⁶

50 4042 250 4126 investigata
271 4053 336 4119 est,
361 4041 503 4121 utnulla
527 4061 604 4122 pars
631 4040 740 4115 caelo,
763 4040 861 4118 mari,
891 4055 996 4119 tarra,
1021 4046 1068 4124 (ut
1084 4046 1215 4131 poetice
1240 4047 1390 4130 loquar,)

51 4135 281 4221 praetermissa
299 4135 353 4199 sit.
409 4134 496 4215 Quin
524 4133 635 4208 etiam,
660 4129 758 4218 qu'um
784 4137 822 4198 de
844 4155 952 4219 rerum
977 4137 1247 4225 initiisomnique
1272 4140 1391 4202 mundo
1437 4190 1439 4195 .

53 4229 158 4297 locuti
178 4241 303 4312 esseut,
327 4229 396 4292 ut¹⁷
416 4229 516 4292 multa
535 4249 600 4291 non
616 4230 711 4292 modo
728 4231 889 4311 probabili
904 4233 1196 4318 argumentatione,
1222 4235 1395 4313 sedetiam

53 4324 235 4390 necessaria
259 4321 554 4386 mathematicorum
573 4320 731 4386 ratione¹⁸
753 4325 979 4391 concluderent
993 4350 1008 4392 a
1040 4328 1206 4392 maximam
1229 4329 1391 4393 materiam

130 4432 169 4509 (1)
189 4464 224 4477 -
244 4431 389 4485 Carneade
409 4428 477 4484 Cdd.
498 4427 567 4485 Edd.
588 4444 651 4483 ante
670 4430 739 4485 lel.
772 4430 810 4506 (1)
827 4455 867 4493 e:
884 4436 1039 4492 illam'vst.
1060 4438 1078 4491 S
1100 4443 1133 4492 ir.
1151 4439 1208 4492 Erl.
1248 4439 1286 4508 (1)
1305 4470 1343 4485 -
1361 4440 1391 4492 lu·

55 4511 90 4565 P.
110 4511 145 4562 V.
166 4507 202 4564 G.
241 4508 279 4577 (1)
299 4509 337 4569 -;,,-“
354 4510 441 4559 ceteri
460 4505 497 4559 G.
518 4522 592 4580 susp.
632 4503 669 4578 (⁵)
688 4523 726 4561 mo
745 4525 799 4561 orn.
820 4526 858 4561 ex
876 4513 950 4583 spir,
969 4512 1026 4565 Εή,
1065 4457 1097 4587 (A>

54 4580 107 4637 Ad
123 4603 193 4659 qtsae
212 4587 314 4640 Ceteri.
367 4582 404 4650 (⁷)
423 4603 460 4641 =
479 4586 582 4633 mentio
592 4577 684 4652 faeta
701 4585 734 4639 Pa
754 4585 796 4638 M.
817 4586 850 4640 Lu
895 4586 933 4654 (1)
962 4615 1000 4630 —-
1026 4598 1094 4641 avet
1111 4590 1177 4643 Ern.
1198 4607 1272 4663 susp.
1317 4589 1393 4664 (⁹)ss

53 4659 126 4715 Cdd.
157 4660 192 4716 G.
220 4666 247 4714 2.
267 4677 306 4713 =
324 4667 417 4710 arcem
446 4666 474 4708 ts
493 4656 597 4711 Ceteri.
645 4658 696 4732 (¹⁰)
717 4675 779 4714 cum
800 4676 871 4733 optt.
890 4660 959 4717 Cdd.
980 4665 1024 4718 Cr,
1041 4665 1077 4729 [V.
1098 4665 1129 4718 L,
1152 4665 1187 4720 G,
1207 4695 1246 4707 ..
1264 4667 1392 4719 videmus

53 4737 86 4791 P.
107 4738 210 4791 tuM.
230 4735 266 4789 D.
287 4744 313 4793 1.
333 4742 359 4790 2.
399 4731 451 4808 (11)
472 4749 486 4785 e
506 4730 576 4788 Cdd.
596 4731 632 4786 G.
652 4740 679 4789 2.
698 4755 736 4789 =
755 4741 781 4786 si
800 4755 855 4808 qua
876 4738 978 4791 Ceteri.
1025 4737 1131 4814 (taffo
1149 4745 1240 4813 ,iqui
1260 4745 1295 4797 G·
1317 4760 1392 4816 ΜΡ.

53 4811 106 4879 (13)
136 4837 171 4854 -
195 4809 246 4861 sed
261 4811 432 4874 merendum,
465 4826 558 4861 neser
584 4808 771 4881 interpell.
823 4809 875 4887 (11)
900 4831 914 4868 e
941 4812 1010 4868 Cdd.
1031 4815 1068 4869 G.
1089 4822 1115 4870 2.
1134 4846 1172 4858 -
1187 4824 1269 4889 pottu‘
1288 4820 1391 4873 Ceteri.
1447 4832 1460 4840 ·

54 4885 104 4962 (¹⁶)
126 4887 174 4940 Sic
192 4887 223 4941 P.
244 4886 275 4938 L.
297 4888 331 4939 D.
353 4886 433 4955 Seqq.
453 4913 492 4926 -
510 4891 617 4935 natura
637 4884 712 4938 Crat.
732 4890 818 4953 (errat
838 4890 888 4959 G.)
907 4889 941 4942 V.
962 4892 1003 4947 M.
1048 4889 1098 4966 (11)
1119 4891 1166 4944 Sic
1186 4893 1255 4946 Cdd.
1275 4894 1340 4964 aliq.
1361 4899 1391 4951 P.

53 4963 88 5015 V.
109 4962 147 5019 G.
167 4963 278 5016 hettoni
297 4958 342 5027 lu‘,
372 4959 415 5011 his
435 4975 506 5027 ceu,
526 4958 575 5011 ubi
596 4955 630 5010 ds
649 4961 955 5034 Peripatertctssermo
974 4980 1026 5019 cst.
1045 4981 1083 5020 ms
1102 4972 1138 5019 tis
1157 4968 1258 5023 Cetera,
1286 4972 1336 5039 (tt)
1356 4997 1392 5012 ..

54 5041 113 5108 ita,
134 5044 166 5087 ut
185 5038 251 5092 Ero.
272 5053 345 5110 susp.
388 5035 438 5104 (¹⁸)
459 5064 495 5079 -
516 5051 573 5087 om.
592 5040 704 5087 ratione
724 5037 774 5092 ed.
794 5038 853 5091 Mo.
911 5028 921 5049 ‘

1090 4501 1501 4588 Jffimcm-'f
