3252 5490
104 494 113 500 ἢ
204 404 266 470 sae
384 392 488 470 M
512 407 700 473 ruimus
720 402 963 474 nouorum
982 408 1046 473 ur
1068 361 1317 473 uuuouuui
1387 414 1389 418 ·

199 547 342 613 laceret¹
373 548 575 632 imprudens,
607 552 696 635 q'uorl
718 548 1039 614 offmueretmtmos
1059 546 1241 625 hominum,
1273 557 1328 611 aut
1349 548 1540 636 quidquam,

203 663 225 707 e
245 665 311 729 quo
336 642 479 707 oriretur
502 643 617 728 aliquis
640 646 748 713 dolor.
793 646 889 718 ,Nos
911 642 1038 727 quidem
1060 640 1210 707 Virtutes
1231 638 1278 707 sic
1298 654 1390 709 ustae
1412 667 1542 726 sumtus,

199 750 242 823 'ut
263 738 322 802 tibi
343 737 558 812 serviremus3
582 738 667 802 aliud
687 739 811 829 negotii
832 738 910 803 nibil
930 739 1086 804 habemus
1094 734 1142 799 ².''
1179 744 1182 751 ⁴

285 832 406 897 XXII.
432 826 484 897 7⁰.
507 833 554 897 At
576 846 673 919 negat
687 835 849 919 Epicurus
865 835 943 914 (hoe
955 831 1037 896 enim
1053 843 1194 895 vestrum
1209 832 1316 897 lumen
1331 844 1380 895 est
1390 837 1415 912 ,)
1429 858 1543 919 quem.

95 979 100 1000 ,
200 948 316 1012 quam,
341 926 398 1012 qui
417 930 552 994 honeste
575 950 640 993 uon
662 928 772 1004 vivat,
796 926 932 993 iuoumde
952 946 1050 1010 posse
1072 926 1197 991 vivere.
1244 926 1344 1007 Quasi
1360 948 1424 1012 ego
1439 928 1473 990 iu
1488 952 1543 993 eu·

199 1042 288 1097 rem,
313 1021 390 1105 quid
410 1021 463 1086 ille
486 1023 566 1098 aiat,
591 1034 645 1085 aut
660 1034 769 1107 neget.
803 1022 888 1086 Illud
907 1042 1049 1107 quaero,
1073 1020 1151 1105 quid
1172 1020 1222 1096 ei,
1247 1020 1357 1105 quiin
1375 1024 1553 1107 voluptate.

198 1137 356 1181 summum
370 1118 490 1180 bonum
503 1118 634 1196 ponat³‚
653 1128 899 1203 consentaneum
915 1114 956 1178 sit
970 1114 1091 1178 dicere.
1136 1114 1223 1196 Quid
1242 1115 1352 1191 affers,
1373 1138 1432 1180 our
1450 1119 1542 1183 Tho·

193 1210 287 1286 rius,
312 1210 394 1273 leur
411 1208 452 1275 C.
468 1208 619 1273 Hirrius‘t
636 1209 842 1289 Postumius,
863 1232 921 1274 our
932 1210 1072 1273 omnium
1085 1211 1224 1274 horum⁵
1239 1209 1403 1296 magister,
1423 1211 1539 1289 Orata,

198 1325 264 1368 nou
278 1302 331 1366 iuo
376 1303 501 1368 dissime
524 1303 671 1368 vixerit?
694 1306 769 1387 lpse
786 1316 903 1390 negot,
927 1317 963 1369 ut
976 1316 1050 1368 ante
1068 1304 1154 1380 dixi,
1177 1304 1423 1368 luxuriosorum
1445 1306 1541 1368 vitam

196 1325 508 1479 repreheiilendam,
533 1398 592 1462 nisi
619 1398 838 1481 plaue⁶‘fatui
863 1401 943 1476 sint,
969 1374 1092 1475 telest,
1115 1397 1176 1463 uisi
1201 1411 1255 1462 aiut
1285 1399 1458 1482 cupiaot⁷‚
1491 1411 1544 1464 aut

198 1502 352 1569 molliant.
389 1494 531 1573 Quarum
546 1496 716 1557 ambarum
733 1515 840 1561 rerum
857 1516 954 1581 quium
973 1492 1156 1559 medicinam
1176 1493 1367 1574 pollicetur,
1395 1495 1542 1560 luxuriae
1588 1520 1589 1529 ¹

140 1662 146 1669 ι
198 1585 356 1653 licentiam
372 1587 555 1670 pollicetur.
573 1588 648 1655 .His
668 1588 748 1652 enim
764 1591 882 1652 rebus⁸
905 1586 1075 1663 detractis,
1093 1599 1194 1670 negat
1206 1609 1241 1650 sc
1255 1588 1403 1670 reperire
1418 1590 1451 1652 iu
1470 1612 1543 1655 aso·

140 1734 142 1741 .
197 1692 306 1744 torum
319 1680 383 1743 vita
396 1685 484 1764 quod
494 1684 718 1765 reprehendat.
744 1686 797 1746 71.
811 1682 1000 1768 Nauigitur
1011 1682 1149 1764 potestis
1161 1683 1328 1764 voluptate
1341 1684 1452 1748 omnia
1465 1687 1542 1751 diri·

198 1787 310 1859 gentes
318 1774 344 1850 ⁹,
370 1787 423 1838 aut
439 1776 541 1851 tueri,
560 1788 614 1839 aut
627 1775 765 1841 retinere
777 1777 940 1843 virtutem.
965 1779 1048 1841 llam
1064 1776 1184 1839 neerir
1198 1779 1352 1841 bonosae
1365 1779 1471 1845 iustus
1486 1783 1544 1843 hu·

94 1892 97 1899 ‘
197 1869 270 1935 beri
284 1871 391 1945 debet,
409 1869 476 1955 qui,
495 1893 534 1935 oe
549 1873 665 1935 malum
677 1874 805 1946 habeat,
822 1871 960 1936 abstinet
970 1892 1005 1935 se
1019 1872 1060 1933 ab
1072 1869 1200 1935 iniuria.
1224 1871 1324 1936 Nosti
1333 1875 1434 1938 credo
1446 1874 1539 1939 illud:

255 1967 395 2031 ‘Nemo
414 1965 496 2047 pius
518 1977 591 2042 est,
616 1966 677 2051 qui
691 1967 862 2049 pietatem
882 2001 924 2013 -·
951 1997 993 2013 —-
1014 2000 1056 2029 -τ

200 2057 326 2124 cavew.
348 2058 519 2144 quidquem
540 2071 633 2142 putes
653 2082 723 2124 esse
739 2059 860 2125 verius.
895 2062 967 2124 Nec
982 2059 1078 2135 enim,
1103 2062 1175 2123 dum
1191 2057 1323 2136 metuit,
1349 2060 1454 2125 iustus
1470 2077 1540 2127 ests

197 2166 356 2230 steorte,
380 2155 407 2217 si
430 2167 570 2218 metuere
594 2154 770 2231 destiterit,
797 2177 862 2220 non
884 2150 959 2218 eril.
1003 2156 1080 2221 Non
1103 2166 1220 2221 metuet
1239 2169 1367 2232 autem,
1392 2155 1463 2221 sive
1485 2175 1541 2221 ce·

154 2260 157 2267 ’
191 2249 265 2327 ¹lure
280 2247 469 2330 potueritss,
487 2248 555 2312 sive
570 2250 688 2332 opibus
700 2250 846 2334 magnis,
866 2248 1024 2336 quidquid
1039 2250 1172 2326 feccrit,
1197 2250 1363 2327 obtinere3
1387 2263 1542 2336 certeque

107 2406 119 2429 .
197 2343 294 2405 malet
316 2341 490 2407 existimari
499 2345 526 2384 ¹²
548 2345 651 2407 bouus
675 2342 771 2419 vir¹³,
796 2355 916 2409 utnon
939 2344 1001 2420 sit,
1027 2358 1121 2428 quam
1144 2366 1232 2418 esse,
1256 2355 1375 2410 utnon
1395 2357 1541 2427 putetur.

199 2437 271 2513 Ita,
295 2438 398 2520 (quod
419 2435 628 2499 certissimum
641 2438 668 2478 '¹4
692 2440 775 2517 est,)
805 2459 867 2519 pro
889 2458 966 2501 vera
989 2450 1141 2525 certaque
1161 2438 1283 2527 iustitia
1304 2439 1542 2507 simulationem

197 2527 292 2594 uobis
314 2526 452 2593 iustitiae
474 2531 618 2605 traditis;
641 2530 889 2617 praecipitisque
912 2536 1049 2615 quodam
1073 2536 1188 2608 modo,
1213 2545 1249 2596 ut
1264 2525 1414 2597 'nostram
1438 2534 1541 2598 stabi·

113 2678 117 2687 s
164 2622 170 2655 ³
197 2624 261 2688 lem
277 2624 498 2689 conscientiam
514 2638 772 2702 contemnamus,
798 2627 935 2690 aliorum
950 2639 1107 2692 errantem
1123 2627 1310 2709 opinionem
1326 2649 1539 2711 aucupemur.

197 2718 251 2781 72.
276 2719 365 2799 Quae
396 2719 458 2783 dici
488 2723 596 2787 eadem
627 2724 667 2784 de
697 2720 811 2785 ceteris
842 2720 1014 2785 virtutibus
1040 2732 1198 2803 possunt:
1232 2743 1368 2805 quarum
1398 2723 1541 2810 omnium

196 2812 402 2877 fundamenta
425 2836 484 2879 vos
507 2815 540 2878 in
562 2816 748 2897 voluptate,
773 2826 931 2900 tamquam
954 2815 986 2878 in
1008 2837 1108 2898 aqua,
1124 2872 1127 2879 .
1141 2815 1277 2897 ponitis.
1323 2817 1409 2897 Quid
1430 2818 1542 2880 euim?

125 2982 127 2987 ,
196 2906 356 2973 fortemne
386 2929 556 2989 possumus
586 2909 692 2973 dicere
720 2912 852 2975 eundem
874 2909 961 2973 illum
986 2910 1214 2994 Torquatum?
1247 2912 1405 2976 Delector
1427 2911 1538 2988 enim,

174 3052 176 3057 .
198 3002 408 3086 (quamquam
423 3014 454 3066 te
476 3024 541 3068 nou
562 3024 696 3086 possum
704 3004 744 3079 ¹⁵,
767 3016 804 3067 ut
824 3003 889 3080 ais,
917 3007 1169 3088 corrumperez)
1192 3006 1354 3083 delector,
1384 3004 1537 3091 inquam,

207 3169 1246 3198 mmm—uuna-

301 3240 306 3250 „
320 3236 324 3243 .

166 3324 168 3331 ,
271 3268 309 3334 (¹)
331 3265 377 3320 Sic
391 3262 459 3319 Cdd.
474 3265 614 3330 meliores,
634 3269 719 3318 etiam
740 3263 848 3324 MoD.
862 3267 907 3318 Br.
929 3263 965 3318 G.
986 3269 1012 3320 2.
1032 3280 1070 3316 oo
1085 3261 1239 3336 perficeret
1259 3260 1329 3330 qul.
1349 3264 1415 3335 aliq.
1433 3267 1466 3318 P.
1487 3264 1536 3319 Cr.

194 3342 227 3394 V.
248 3343 291 3397 M.
310 3343 341 3394 L.
363 3349 388 3399 1.
409 3343 485 3395 Miro
506 3359 617 3406 errore,
648 3345 672 3393 si
693 3357 786 3393 tamen
807 3358 883 3392 error
903 3356 955 3393 est.
995 3339 1151 3413 Scripsirne
1171 3340 1231 3392 Cic.
1249 3346 1400 3423 prostraret,
1432 3337 1539 3392 aduo-

194 3418 246 3470 bus
272 3419 355 3492 gloss.
382 3418 546 3490 expulsum?
582 3412 619 3483 (2)
645 3444 684 3457 -
708 3415 788 3467 eliud
812 3420 957 3484 negotium
983 3432 1040 3466 nou
1065 3414 1197 3466 habemus
1224 3414 1294 3487 qul.
1321 3416 1394 3490 Spir.
1420 3412 1538 3467 1311..-

196 3494 277 3545 alirsd
300 3490 445 3560 negotium
464 3510 521 3544 non
540 3491 703 3543 haberemus
729 3491 862 3564 Gssusp.
908 3487 949 3564 (³)
977 3491 1023 3544 sle
1042 3489 1112 3551 Cdd.
1133 3490 1200 3562 aliq.
1221 3488 1292 3564 (Pul.
1312 3496 1368 3564 pr.)
1390 3493 1478 3545 Mars.
1496 3494 1536 3545 D.

171 3569 265 3623 uult.
291 3588 306 3623 e
330 3568 400 3623 cdd.
427 3569 510 3642 Regg.
535 3569 603 3623 Ero.
631 3576 656 3625 1.
684 3567 763 3640 prob.
783 3564 865 3621 Beier
884 3565 918 3619 od
938 3561 1021 3636 Offlc.
1042 3567 1075 3619 T.
1098 3572 1125 3625 2.
1145 3586 1172 3639 p.
1193 3570 1260 3624 409.
1278 3576 1418 3638 -putat
1438 3570 1467 3620 P.
1488 3569 1536 3621 Cr.

195 3646 228 3697 V.
249 3648 291 3700 M.
311 3645 343 3697 L.
360 3640 446 3699 vGrut.
465 3649 511 3699 Br.
533 3643 569 3697 G.
596 3650 622 3699 2.
671 3643 708 3711 (l)
734 3661 783 3695 cur
811 3641 893 3695 Clzius
919 3641 1079 3701 Postumius
1105 3641 1333 3717 corruptelcdd.
1359 3646 1470 3716 optimi.
1497 3672 1535 3686 -

194 3719 369 3783 Postumius,
402 3737 452 3772 eur
479 3718 562 3772 Chius
587 3714 657 3772 Cdd.
683 3718 775 3772 multi.
801 3715 869 3771 Edd.
900 3733 963 3769 onte
986 3720 1021 3771 D.
1042 3734 1100 3770 tum
1119 3718 1186 3770 Ern.
1207 3727 1233 3777 1.
1253 3720 1300 3772 Br.
1329 3720 1369 3771 Ex
1388 3718 1451 3772 aliis
1472 3734 1534 3771 cor-

184 3795 569 3944 &pieissqMffidissqum'
591 3793 816 3922 SoalbceHrtatim
836 3791 1016 3921 qmepdarunt
1031 3812 1053 3922 li
1072 3793 1286 3923 VarroneDllg.
1300 3799 1346 3904 ff„
1358 3802 1420 3924 812,
1437 3794 1533 3921 ξὶίηἰῑο

226 3909 234 3923 .
285 3912 292 3926 .
332 3880 407 3933 (1.
480 3884 641 3922 .:socur
678 3908 685 3922 .
736 3875 822 3922 irrius
860 3875 1016 3922 mumius.¹
1054 3885 1101 3922 ece
1122 3887 1168 3922 ere
1215 3906 1224 3921 .
1271 3873 1532 3936 ...,.c...ust

196 3946 272 4018 quod
281 3910 396 4000 hic'om.
406 3950 479 4014 our.)
500 3944 531 4000 ld
545 3960 653 3998 taurum
668 3961 745 4012 noto,
758 3962 810 3998 neo
825 3964 839 3998 e
853 3948 940 4009 Varo,
952 3961 1028 3997 nece
1038 3888 1135 3998 ¹Plinio
1146 3960 1274 3999 consuere
1287 3944 1320 3998 de
1331 3962 1414 4018 cogn.
1427 3945 1532 3998 Postu-

145 4010 151 4023 ⁸
195 4027 254 4077 mii.
282 4026 454 4083 Praenomen
474 4023 540 4074 huic
560 4025 607 4072 uni
629 4020 753 4074 additum
773 4018 855 4074 facile
874 4017 965 4085 feras,
987 4039 1071 4092 quum
1091 4037 1121 4072 su
1144 4037 1173 4075 ra
1195 4020 1226 4074 C.
1247 4026 1291 4078 20.
1312 4037 1399 4074 exstet
1422 4021 1530 4084 Thoria}

131 4122 132 4127 ¹
192 4103 375 4152 notissimum
401 4114 472 4152 esset
500 4099 610 4150 Oratae
634 4113 730 4169 praru.
769 4095 807 4171 (⁵)
831 4125 869 4141 ·-·
894 4113 951 4151 orn.
972 4092 1069 4147 horum
1088 4095 1110 4148 C
1132 4094 1158 4149 d.
1178 4096 1269 4155 mulsi.
1296 4099 1326 4151 P.
1346 4096 1389 4150 M.
1410 4098 1441 4149 l..
1464 4099 1532 4166 (Ha-

132 4186 134 4195 ’
193 4172 263 4228 beot
282 4174 329 4231 Cr.
350 4176 395 4238 V.)
416 4196 451 4215 *-
470 4173 610 4226 hominum
629 4172 727 4224 luorum
747 4173 782 4224 Ι).
803 4189 876 4243 susp.
916 4171 954 4245 (ὅ)
976 4199 1010 4215 -·
1031 4167 1087 4224 orni
1104 4172 1189 4242 plone
1208 4171 1259 4227 Cd.
1279 4173 1339 4226 Mo.
1379 4171 1417 4238 (⁷)
1431 4179 1532 4223 -aut

141 4262 147 4277 '
189 4251 278 4322 plone
297 4269 358 4323 cup.
377 4251 465 4304 Mars.
486 4253 530 4304 Cr.
551 4250 583 4300 V.
603 4265 660 4300 nou
680 4247 801 4321 improb.
823 4247 859 4301 G.
887 4246 941 4300 Sed
960 4246 1037 4301 vides
1056 4252 1113 4302 iam
1132 4266 1157 4303 v.
1174 4248 1260 4319 plane
1279 4248 1406 4301 suolooo
1422 4254 1452 4301 io
1465 4245 1531 4302 Cdd.

194 4326 261 4399 allq.
281 4332 435 4393 omissum,
467 4330 497 4378 ln
516 4325 577 4378 aliis
593 4328 727 4395 'perverso
746 4323 810 4376 loco
830 4328 982 4389 insertum,
1010 4328 1040 4376 in
1060 4323 1127 4377 altis,
1143 4329 1262 4396 pessime
1281 4323 1325 4376 bis
1346 4329 1387 4376 sto
1407 4329 1530 4397 positum

196 4419 272 4468 esse,
300 4418 330 4456 ut
350 4401 453 4456 habent
474 4401 560 4456 Mars.
581 4399 627 4452 Cr.
651 4402 682 4451 V.
731 4398 770 4467 (ὃ)
789 4426 828 4440 -
846 4416 902 4456 om.
924 4399 1005 4450 rebus
1024 4396 1093 4453 Cdd.
1114 4399 1180 4470 aliq.
1204 4400 1295 4453 Mars:
1316 4431 1320 4437 .
1340 4398 1379 4475 (⁹)
1397 4429 1438 4444 ·-
1456 4400 1531 4451 diri.
1567 4438 1570 4444 ,

193 4486 280 4546 gauto
307 4477 381 4532 Gud.
407 4495 465 4531 sec.
514 4476 566 4546 (10)
593 4494 608 4527 e
635 4472 703 4528 cdd.
730 4490 800 4548 optt.
828 4475 909 4529 Grut.
937 4475 1019 4547 Seqq.
1038 4504 1077 4519 -·
1095 4480 1231 4547 pietatem
1251 4482 1342 4527 cavet.
1365 4477 1442 4528 Gove
1462 4473 1531 4529 edd.

143 4578 145 4591 ·
192 4554 293 4627 pleriq.
321 4553 393 4608 Edd.
421 4569 487 4606 ante
517 4554 599 4606 Grut.
629 4554 687 4616 (-
715 4556 762 4621 'qui
786 4554 923 4621 pietatem
950 4555 1035 4604 nimis
1062 4552 1130 4602 colit
1157 4551 1365 4622 Hagenbuolsil-
1381 4552 1531 4629 supplem.)

195 4631 247 4697 (¹¹)
273 4647 289 4683 e
315 4630 383 4685 Cdd.
410 4630 446 4685 G,
473 4635 498 4681 2.
526 4654 565 4670 -·
585 4632 694 4698 poterit
715 4628 837 4680 Priores.
887 4627 937 4692 (¹²)
958 4644 973 4679 e
993 4624 1064 4680 Cdd.
1084 4627 1126 4680 M.
1146 4627 1178 4681 L.
1200 4629 1281 4699 Seqq.
1301 4652 1339 4668 -
1357 4633 1418 4677 sive
1438 4627 1531 4697 opibus

97 4712 101 4721 ’
146 4762 148 4766 ,
191 4710 285 4757 maius
303 4706 451 4778 quidquam
462 4699 590 4773 fecerit,
621 4709 746 4773 certeque
764 4703 860 4753 mallet
880 4703 1005 4754 obtinere
1033 4707 1193 4754 existimari
1212 4704 1257 4756 Cr.
1278 4706 1310 4754 V.
1358 4702 1410 4768 (1³)
1430 4726 1469 4760 =
1486 4707 1530 4752 vir

192 4780 282 4833 honus
305 4781 361 4834 Erlc
389 4781 461 4852 Splr.
488 4800 524 4818 -·
547 4794 603 4831 om.
629 4781 677 4828 vir
702 4778 771 4831 Bas..
793 4776 885 4850 (prob.
909 4775 960 4851 G.)
981 4777 1045 4831 Sola.
1066 4785 1092 4834 2.
1145 4778 1194 4844 (¹4)
1213 4783 1530 4848 &perniciosissimum

190 4846 334 4928 Br.·susp.
354 4885 390 4898 -
411 4858 602 4925 trcrpissimum
615 4851 713 4907 'BentL
732 4871 806 4924 susp.
826 4882 865 4895 -
884 4859 1109 4906 nocentissimum
1128 4853 1162 4907 de
1181 4855 1215 4909 D.
1237 4872 1311 4926 susp.
1333 4854 1398 4905 Sch.
1421 4859 1447 4908 2.
1468 4855 1529 4907 Pot-

193 4946 252 4985 erat
278 4937 362 4987 ettam
390 4934 494 4984 eooiici
517 4934 729 5000 pravissimum.
775 4929 892 5000 Vulgata
918 4945 993 4984 certo
1019 4928 1152 5003 lengum
1179 4945 1231 4984 neo
1251 4928 1345 5004 placet
1365 4937 1492 5001 certeque
1511 4955 1527 4969 -

193 5010 380 5060 certissimum
391 5038 419 5066 ,ι-
430 5012 576 5076 eertoque.
621 5003 671 5071 (¹⁵)
690 5010 852 5077 -possim
872 5006 904 5058 V.

254 5316 265 5351 ί
