3252 5490
390 396 394 403 ’
498 421 911 489 Llss.11.·c.tt.sr.
1137 520 1142 527 ί
1325 426 1385 491 ma
1505 512 1512 525 υ

62 579 224 639 doctorum
250 567 430 643 homiuum,
462 565 641 655 vellexpost
659 575 798 628 mortem
824 565 926 648 epulis
950 560 1104 630 celebrari
1129 566 1313 630 memoriam
1335 568 1384 632 sui

62 665 201 733 nominis.
249 665 342 745 Quos
362 663 487 747 quidem
507 661 572 723 dies
592 661 856 744 quemadmodum
875 661 996 742 agatis,
1022 674 1053 724 et
1071 660 1103 725 in
1117 675 1264 747 quantam
1279 662 1382 726 laomi-

61 786 126 826 num
144 761 341 853 facetorum¹
360 754 569 819 urbanitatem
587 753 773 829 inmutatis,
799 757 963 818 nondico.
998 756 1089 819 Nihil
1104 777 1184 838 opus
1199 765 1248 819 est
1262 756 1382 821 litibus.
1476 836 1479 849 .
1521 758 1531 839 ’Χ

62 850 190 922 Tantum
222 856 313 929 dieo,
349 847 576 937 uragis'suisse
603 849 783 923 vestrdm2,
815 850 931 933 agere³
960 849 1095 932 Epicuri
1121 849 1201 914 diem
1227 852 1381 928 natalem,

61 974 145 1038 quam
168 950 286 1023 iniust,
310 958 501 1010 testamento
523 964 656 1019 cavere,
681 953 716 1005 ut
737 955 900 1027 ageretur.
942 944 945 955 “

125 1044 278 1110 XXXII.
299 1045 373 1106 tol.
382 1043 458 1115 Sed,
473 1051 508 1102 ut
519 1041 559 1101 ad
568 1037 769 1120 propositum
782 1050 994 1116 revertamur,
1007 1041 1058 1119 (de
1068 1038 1181 1103 dolore
1191 1039 1273 1103 enim
1286 1063 1383 1126 quum

60 1143 245 1214 diceremus,
272 1140 311 1200 ad
332 1138 425 1200 istam
446 1133 615 1216 epistolam
638 1132 732 1195 delati
754 1135 889 1227 sumus.)
910 1156 993 1196 nunc
1015 1145 1118 1203 totum
1139 1134 1217 1197 illud
1235 1138 1385 1200 concludi

60 1238 100 1300 sic
112 1235 196 1299 licet.
229 1234 295 1313 Qui
312 1232 345 1295 in
361 1249 484 1293 summo
500 1228 583 1290 malo
600 1238 666 1300 est,
683 1225 710 1288 is
729 1238 812 1303 tum,
831 1228 949 1311 qumn⁵
971 1226 1002 1289 in
1018 1249 1058 1290 eo
1074 1239 1140 1302 est,
1166 1250 1230 1292 non
1246 1242 1294 1292 est
1307 1233 1383 1292 bea·
1431 1264 1435 1269 -

60 1345 115 1394 tus.
145 1330 279 1411 Sapiens
297 1337 401 1388 autem
420 1326 546 1403 semper
563 1322 676 1383 beatus
696 1320 778 1395 esti,
805 1332 836 1383 et
851 1333 899 1382 est
918 1321 1089 1406 aliquando
1104 1321 1137 1384 in
1151 1324 1276 1387 dolore.
1307 1327 1382 1388 Non

61 1437 109 1503 est,
121 1424 218 1510 igitur
241 1443 396 1485 summum
418 1417 534 1480 malum
564 1414 671 1477 dolor.
703 1415 798 1477 *lam
820 1413 899 1476 illud
922 1413 1014 1499 quale
1036 1418 1162 1478 tandem
1185 1416 1257 1479 est?
1285 1408 1385 1496 Bona

57 1508 239 1603 praeterita
255 1538 326 1580 non
344 1514 489 1605 «effluere
506 1508 671 1593 sapienti3
695 1508 788 1570 mala
807 1508 1001 1572 meminisse
1020 1531 1089 1573 non
1106 1523 1278 1593 oportere.
1307 1513 1382 1576 Pri·

61 1634 135 1674 mum
162 1610 195 1677 in
215 1623 366 1675 nostrane
388 1615 547 1689 potestate
567 1613 635 1678 est,
660 1602 738 1688 quid
762 1602 1022 1692 meminerimus?
1055 1598 1384 1690 Themistocles'qui-

62 1710 140 1781 dem,
165 1728 262 1790 quum
280 1703 310 1766 ei
329 1700 525 1774 Simonides,
550 1720 588 1760 an
608 1696 701 1781 quis⁷
724 1696 822 1772 alius,
850 1709 948 1761 artem
968 1699 1138 1762 memoriae
1161 1699 1381 1782 polliceretur,

63 1801 249 1874 oblivionis,
275 1798 395 1882 inquit,
420 1797 567 1857 mallem.
613 1793 708 1855 Nam
726 1789 864 1853 memini
878 1791 984 1854 etium
997 1813 1085 1877 quae
1103 1795 1207 1869 nolo,
1233 1793 1384 1856 oblivisci

64 1916 122 1958 uon
129 1916 274 1979 possum
289 1914 376 1977 qrtae
394 1893 484 1955 volo.
509 1889 584 1952 105.
598 1888 723 1970 Magno
739 1885 790 1946 hic
802 1882 930 1968 ingenio
941 1898 954 1947 a*
966 1888 1023 1948 sed
1037 1907 1135 1967 resse
1149 1897 1251 1949 tamen
1267 1886 1313 1951 sic
1326 1889 1389 1975 has

62 1986 127 2061 bet3
142 1999 176 2048 ut
191 1986 285 2049 nimis
300 1980 464 2065 imperiosi
479 1980 665 2065 philosophi
680 1980 730 2055 sit,
748 1990 857 2042 vetare
866 1978 1059 2059 meminisse.
1084 1980 1179 2058 Vide,
1196 2002 1235 2044 ne
1249 1981 1308 2044 ista
1321 1982 1384 2044 sint

62 2078 213 2151 Manliana
229 2079 371 2153 vestrass,
396 2088 449 2139 aut
464 2075 583 2139 maiora
598 2073 692 2137 etiam
704 2119 717 2159 ,v
736 2073 764 2135 si
778 2073 915 2157 imperes
930 2077 1018 2158 quod
1036 2074 1143 2137 facere
1166 2096 1230 2139 nou
1246 2077 1381 2157 possim.

64 2173 161 2252 Quid?
193 2175 220 2238 si
243 2173 339 2237 ctiam
363 2172 500 2234 iucunda
522 2166 674 2232 memoria
697 2179 745 2231 est
768 2167 1015 2250 praeteritorum
1034 2168 1215 2232 malorum?
1248 2181 1282 2231 ut
1302 2160 1382 2251 pro-

63 2268 159 2331 verbia
177 2268 332 2332 nonnulla
351 2268 480 2330 veriora
500 2255 698 2346 sint,q'uam
721 2275 830 2326 vestra
851 2265 1012 2348 dogmata.
1064 2264 1177 2348 Vulgo
1198 2263 1279 2326 enim
1304 2264 1382 2326 dici-

63 2362 294 2437 tur,'Iucundi
312 2361 382 2423 acti
398 2361 550 2422 labores:
572 2379 631 2420 nce
649 2360 729 2420 male
749 2356 941 2438 Euripides:
965 2357 1185 2437 (concludam,
1205 2357 1234 2421 si
1244 2370 1378 2441 potero,

63 2457 187 2522 Latine:
212 2460 376 2521 Graecum
399 2452 481 2519 enim
502 2455 587 2514 hunc
610 2474 736 2515 versum
759 2452 858 2515 nostis
882 2450 1052 2532 omnes9':)

135 2552 259 2618 Suavis
282 2549 441 2636 laberium
459 2547 547 2611 133111
564 2546 837 2629 praeteritorum
863 2544 1042 2610 anemoria.

65 2647 119 2708 Sed
129 2649 165 2709 ad
181 2649 266 2710 bona
283 2642 455 2725 praeterita
470 2643 656 2705 redeamus·
680 2640 770 2720 Quae
786 2641 813 2703 'si
828 2662 845 2701 a
862 2639 1041 2703 vobistalia
1056 2640 1256 2717 dicerentur,
1280 2642 1383 2726 quali·

64 2741 113 2801 bus
125 2739 163 2805 C.
176 2738 304 2804 Marius
318 2737 363 2799 uti
377 2747 524 2818 poterat,
549 2747 582 2798 ut
595 2733 765 2816 expulsus,
790 2757 906 2820 egens,
931 2737 962 2796 in
978 2736 1092 2816 palude
1106 2739 1286 2809 demersus,
1312 2747 1381 2797 tro-

63 2853 202 2912 paeorum
218 2830 444 2895 recordatione
460 2830 582 2891 levaret
597 2828 742 2891 dolorem
754 2845 864 2892 suum}
883 2829 1022 2892 audirem
1039 2839 1071 2892 e't
1085 2830 1177 2912 plane
1193 2831 1379 2911 probarem.

64 2926 124 2988 Nec
138 2926 216 2989 enim
233 2925 360 2988 absolvi
378 2926 471 2986 beata
487 2922 550 2984 vita
565 2920 732 3004 sapientis,
756 2927 895 3008 neque¹'¹
913 2926 952 2986 ad
967 2922 1084 2988 exitum
1095 2918 1232 3006 perduci
1246 2923 1381 3006 poterit,

64 3018 86 3080 si
101 3019 197 3100 prima
215 3040 361 3103 quaeque
376 3020 458 3080 bene
473 3019 513 3079 ab
529 3037 569 3079 eo
586 3016 729 3077 consulta
745 3028 839 3101 atque
854 3018 938 3082 lacta
951 3017 1049 3100 ipsius
1066 3017 1227 3082 oblivione
1240 3021 1394 3101 obruen-³

63 3115 149 3177 tur¹².
174 3115 246 3176 tos.
266 3117 330 3177 Sed
348 3111 439 3176 vobis
454 3111 656 3192 voluptatum
672 3123 894 3193 perceptarum
910 3110 1091 3175 recordatio
1112 3110 1208 3175 vitam
1223 3115 1347 3174 beatam
1358 3110 1385 3150 11

63 3203 146 3282 lacit,
169 3219 200 3271 et
221 3207 348 3292 quidem
367 3226 507 3287 corpore
526 3214 763 3286 perceptarum.
809 3207 892 3268 Nam
912 3204 938 3269 si
957 3226 1038 3288 quae
1057 3217 1128 3268 sunt
1146 3205 1244 3282 aliae,
1265 3206 1380 3268 salsum

64 3311 118 3375 est,
141 3323 249 3366 omnes
270 3300 364 3363 animi
383 3300 564 3380 voluptates
584 3319 652 3360 esse
671 3319 688 3360 e
708 3298 857 3379 corporis
881 3298 1046 3363 societate.
1091 3297 1252 3382 Corporis
1276 3312 1379 3362 autem

63 3395 197 3478 voluptas
220 3397 246 3460 si
269 3394 398 3458 etiam14
419 3393 591 3475 praeterita
618 3393 778 3468 delectat,
815 3414 880 3456 non
905 3392 1070 3478 intelligo,
1106 3415 1164 3456 eur
1187 3393 1379 3457 Aristoteles

65 3487 254 3573 Sardanapali
281 3489 478 3574 epigramma
501 3498 588 3551 tanto
607 3509 712 3568 opere
736 3485 895 3550 derideat:
926 3478 958 3549 in
980 3508 1045 3573 quo
1068 3487 1122 3551 ille
1144 3509 1205 3549 rex
1234 3486 1344 3569 Syriae
1354 3487 1380 3524 ¹⁵

65 3581 229 3662 glorietur,
276 3605 310 3647 se
326 3629 330 3635 -
346 3603 455 3646 omnes
488 3602 595 3645 secum
626 3580 788 3643 libidinum
821 3581 1004 3662 voluptates
1037 3580 1216 3644 abstulisse.
1275 3580 1389 3669 ,Quod
1427 3584 1430 3594 '

66 3674 135 3737 enim
156 3699 192 3765 ne
223 3678 318 3742 vivus
343 3675 488 3760 quidem,
522 3672 642 3759 inquit,
680 3674 799 3738 diutius
836 3676 954 3739 sentire
989 3687 1134 3757 poterat,
1174 3695 1269 3759 quam
1305 3676 1379 3735 dum

64 3766 214 3837 fruebatur
224 3774 270 3847 ¹⁶3
309 3794 374 3857 quo
411 3772 508 3835 modo
540 3771 572 3832 id
609 3769 715 3852 potuit
750 3781 880 3834 mortuo
913 3768 1129 3852 permanere?
1161 3768 1249 3834 Fluit
1279 3766 1380 3852 igitur

66 3863 200 3946 voluptas
228 3866 401 3949 corporis,
437 3876 470 3929 et
497 3864 599 3947 prima
630 3885 774 3948 quaeque
783 3865 809 3903 ¹⁷
842 3865 971 3939 avolat,
1005 3864 1195 3949 saepiusque
1215 3859 1381 3945 'relinquit

128 4036 163 4100 (¹)
181 4064 216 4078 -·-
228 4034 396 4106 facetosum
416 4034 485 4090 cdd.
505 4036 597 4089 multi.
617 4039 647 4091 P.
668 4036 715 4090 Cr.
734 4038 767 4090 V.
806 4036 843 4112 (2)
862 4067 902 4080 -
920 4056 1018 4091 verum
1037 4037 1107 4101 Cdd.
1128 4039 1193 4111 aliq.
1211 4040 1245 4093 V.
1283 4035 1321 4110 (1)
1341 4022 1384 4081 --ιγ

24 4118 25 4127 ’
65 4110 107 4170 agl
125 4107 191 4164 Cdd.
203 4112 273 4182 aliq.
312 4112 350 4179 (1)
369 4112 505 4164 —illum
525 4109 595 4165 cdd.
615 4111 708 4165 multi.
727 4113 759 4166 P.
779 4114 811 4167 V.
831 4114 874 4187 11).
893 4114 926 4167 L.
964 4113 1002 4180 (⁵)
1022 4130 1087 4167 cum
1107 4113 1176 4168 Cdd.
1193 4115 1224 4168 L.
1240 4112 1321 4184 Seqq.
1341 4140 1379 4156 -·-

66 4183 110 4231 iste
126 4204 201 4255 qrtrrm
218 4185 289 4240 Edd.
309 4203 372 4240 ante
393 4188 425 4238 L.
463 4184 505 4261 (ὅ)
519 4211 557 4245 =
576 4196 619 4239 est
637 4188 735 4239 beatur
753 4189 785 4240 L.
806 4189 888 4241 solus.
929 4187 966 4261 (⁷)
986 4205 1049 4240 eum
1071 4189 1139 4245 Cdd.
1159 4189 1207 4244 Cr.
1226 4189 1267 4242 M.
1282 4190 1318 4242 D.
1332 4191 1379 4240 Br.

66 4253 187 4313 (12.-
205 4272 254 4315 aut
273 4269 334 4333 quis
353 4264 464 4328 Ceteri,
486 4269 570 4317 etiam
592 4266 623 4316 V.
647 4265 677 4317 L.
699 4272 725 4320 1.
746 4260 803 4316 cfr.
824 4262 935 4316 Ellendt
955 4262 990 4315 ad
1008 4264 1128 4316 Brutum
1148 4284 1174 4338 p.
1195 4268 1241 4323 69.
1281 4264 1317 4337 (1)
1339 4291 1376 4305 -

65 4345 93 4378 ne
108 4333 195 4389 Meet.
214 4344 270 4390 siut
289 4343 346 4389 ista
364 4347 464 4390 uestra
482 4339 514 4392 L.
535 4341 617 4397 1566.
638 4337 667 4394 Ε,
706 4337 743 4404 (9)
762 4367 801 4380 --
820 4358 914 4391 omnes
934 4340 1092 4411 suspectum
1112 4341 1159 4394 Br.
1203 4341 1252 4406 (¹9)
1274 4359 1287 4391 e
1308 4336 1376 4392 Cdd.

66 4401 148 4474 (etlam
166 4413 283 4485 Mo..).G
300 4429 338 4467 ut.
359 4413 501 4486 Seqq..-¹
517 4414 621 4466 Srraeis
639 4422 682 4465 est
700 4414 756 4466 lah.
776 4413 846 4466 Edd.
868 4431 931 4468 ante
951 4415 982 4467 L.
1002 4431 1040 4468 es
1059 4431 1115 4468 om.
1135 4424 1178 4466 est
1194 4415 1226 4468 L.
1266 4416 1318 4480 (11)
1337 4435 1375 4477 :2
1421 4468 1423 4473 ,
1494 4442 1500 4451 ·

66 4495 105 4532 '²⁶⁶
121 4484 149 4539 P.
168 4489 208 4543 M.
225 4489 258 4543 L.
280 4496 306 4547 1.
331 4491 378 4544 Br.
430 4489 482 4561 (¹2)
507 4506 572 4542 cum
598 4487 667 4543 Cdd.
695 4490 736 4549 Μ.
765 4489 796 4542 L.
818 4498 844 4546 1.
864 4492 911 4544 ΒΓ.
932 4492 967 4544 G.
989 4493 1071 4545 2.-
1091 4492 1272 4542 obruerentur
1292 4491 1322 4541 P.
1343 4490 1382 4541 Vr

67 4554 135 4612 Grut.
151 4561 184 4616 D.
231 4565 282 4635 (11)
301 4587 339 4622 :3
357 4564 470 4617 beatum
484 4571 579 4625 piram
599 4564 705 4619 Omnes
726 4581 802 4618 meae
824 4581 886 4619 aute
907 4566 987 4619 Grut.
1027 4566 1077 4632 (11)
1098 4595 1135 4608 -
1154 4571 1240 4616 etium
1259 4569 1285 4614 si
1305 4561 1376 4615 Cdd.

68 4627 119 4702 aliq.
136 4634 201 4695 Edd.
221 4655 283 4692 ante
303 4642 335 4693 L.
379 4639 487 4706 (11)-
506 4641 645 4711 Assyriae
664 4657 763 4694 contra
784 4640 853 4694 Cdd.
873 4640 943 4693 Edd.
963 4655 1030 4693 vett.
1048 4661 1065 4693 e
1086 4646 1260 4697 correctione
1281 4640 1322 4691 M.
1342 4639 1373 4691 L.
1393 4639 1396 4646 '

68 4702 134 4761 Grut.
152 4712 185 4767 D.
205 4725 229 4772 1.
249 4715 314 4770 Seb.
334 4722 361 4772 2.
381 4716 441 4781 (hic
460 4719 585 4782 invitus.)
606 4714 656 4769 clr.
679 4718 761 4776 Tzur,
782 4720 819 4782 5,
840 4721 863 4784 1.
886 4726 948 4774 101.
987 4715 1037 4789 (15)
1055 4718 1101 4771 Sic
1114 4715 1183 4772 Cdd.
1197 4715 1262 4785 aliq.
1277 4719 1374 4782 (etiam
1443 4742 1447 4755 .

69 4776 129 4847 1110·)
147 4787 184 4841 Μ.
205 4793 232 4842 l..
252 4792 333 4863 chq.
351 4800 536 4856 -poterat,
558 4792 622 4842 dum
639 4799 703 4844 vita
713 4789 872 4863 fruebatur
893 4794 923 4845 P.
944 4793 991 4846 Cr.
1010 4797 1046 4844 V.
1085 4791 1136 4858 (¹⁷)
1157 4792 1203 4845 Sic
1227 4790 1295 4844 Cdd.
1317 4808 1376 4842 me·
1397 4802 1407 4809 ·

24 4898 26 4909 -
68 4849 164 4924 limet,
183 4869 265 4919 ettam
284 4870 346 4922 Mo.
365 4869 398 4921 L.
419 4867 500 4923 Grut.
520 4866 555 4920 D.
577 4877 604 4925 1.
627 4871 671 4922 Br.
690 4874 839 4940 —primu
858 4886 979 4938 puraeque
997 4869 1112 4930 molat.
1141 4874 1173 4919 ut
1192 4867 1286 4929 aiebat
1305 4864 1374 4920 Cdd.
1479 4912 1482 4927 ,
1544 4914 1547 4935 Ι

69 4927 166 5001 111111).
184 4942 228 4994 Cr.
246 4945 288 4997 M.
309 4951 354 5010 (ut
373 4943 467 4997 aubar
487 4943 557 4996 nitu
577 4942 650 4996 aliud
671 4958 728 5009 est,
748 4949 802 5013 nisi
822 4943 907 4995 stulta
927 4948 1078 5013 geminatio
1098 4944 1153 4997 ltu.
1174 4963 1244 5014 praue
1263 4942 1374 5005 uvolut)

70 5025 193 5119 ἿΡΓΟΜ
210 5018 327 5092 quaeque
346 5020 461 5086 auolat,
481 5026 514 5071 ut
531 5019 627 5071 aiebat
645 5037 711 5073 cum
731 5017 800 5074 Cdd.
820 5020 853 5073 V.
874 5020 961 5099 llius:
980 5048 1014 5061 -·
1032 5012 1124 5090 protea
1146 5037 1264 5091 priorque
1277 5017 1375 5071 avolat
