3226 5488
235 387 300 454 sea
334 359 337 365 ’
679 387 826 457 earm
848 388 1131 456 vannurrae

238 527 484 614 praeteritarum
513 526 751 613 phantasiarum
779 529 853 615 ipsi‘
867 531 952 615 apud
975 551 1143 595 essemus
1166 530 1350 603 memoriam
1378 542 1542 595 commun

240 629 390 711 (namque
412 633 444 685 et
466 623 527 686 hac
543 621 635 686 etiarn
660 623 812 688 facultate
838 625 1063 703 destituuntur)
1085 645 1150 691 non
1166 624 1272 688 valent
1292 620 1469 708 phantasias
1489 645 1542 711 per·

242 727 385 791 multare,
410 715 569 802 aliamque
591 737 652 799 pro
678 717 737 782 alia
761 719 901 794 offerre3
924 718 1046 784 immoti
1067 717 1169 804 igitur
1190 728 1339 782 constant
1360 737 1483 792 seusus,
1502 740 1544 780 ner

238 815 278 878 ab
302 813 365 876 alio
387 824 424 874 nt
445 813 613 876 detrahant
637 811 714 898 quid
743 823 797 877 ant
824 814 940 878 addant
970 814 1095 879 moveri
1123 825 1274 896 possunt
1327 812 1417 875 Idem
1450 810 1548 874 corba·

237 929 325 973 mare
345 905 464 970 tendit.
494 902 615 972 Οὐδὲ
596 929 667 975 εστι
688 903 727 973 τὸ
742 901 922 993 δυνάμενον
940 904 1045 987 αὐτός
1066 906 1239 1017 διελέγξαι.
1297 902 1381 972 Οὔτε
1406 901 1468 994 γὰρ
1487 897 1545 992 ὁμο

237 998 332 1112 γενὴς
350 1001 514 1081 αἴσθησις
533 998 592 1082 τὴν
612 996 771 1089 ὁμογενῆ,
793 998 849 1069 διό
865 998 1094 1083 ἰσοσθένειαν,
1117 993 1239 1068 οόθΗ
1220 1027 1241 1083 η
1264 993 1493 1110 ἆνομοιογενιὶς
1505 1023 1546 1064 ns

238 1089 481 1205 ἀνομοιογενῆ
513 1089 561 1162 (at
587 1090 740 1181 ydoneis
761 1091 870 1163 αὐτόν
895 1092 957 1163 εἰσὶ
978 1096 1131 1205 κριτικαί·
1154 1091 1315 1182 obscuris
1340 1088 1451 1179 λόγος.
1489 1093 1546 1171 Πᾶς

238 1185 304 1300 γὰρ
330 1181 481 1274 λόγος’
461 1184 528 1254 ααό
558 1188 622 1256 τῶν
648 1183 894 1271 αἰσθήσεων
852 1215 1037 1302 ηριηται.
1070 1183 1209 1257 ΟόθΗ
1190 1191 1329 1278 nisena
1354 1185 1416 1268 τὴν
1427 1188 1536 1296 ἑτέραν
1540 1236 1547 1262 ,

238 1278 364 1361 πόσαις
384 1277 449 1370 γὰρ
478 1285 685 1394 προςὲχομεν.
727 1284 799 1350 Καὶ
826 1279 866 1350 τό
894 1281 937 1351 τό
967 1279 1273 1396 ἐπαισθήματαδὲ
1277 1276 1498 1393 operturus
1510 1305 1546 1346 ιιι-

239 1378 379 1445 στοόιαι
397 1372 457 1457 τὴν
479 1377 543 1443 τῶν
561 1371 757 1460 αἰσθήσεων
770 1372 949 1461 ἀλήθειαν.
987 1373 1224 1470 Υφὲσιηκεδὲ
1248 1371 1304 1455 τό,
1325 1401 1360 1443 τε
1384 1371 1466 1466 open
1484 1368 1547 1459 ἡμᾶς

239 1476 295 1537 καὶ
325 1463 457 1535 ἀκούειν
486 1460 588 1559 ὥςπερ
609 1466 649 1536 τό
674 1466 794 1558 ἀλγεῖν.
850 1474 956 1538 Etiam
983 1472 1110 1557 (inquit)
1140 1473 1166 1536 si
1190 1473 1316 1536 mentiri
1343 1492 1456 1535 sensus
1476 1482 1546 1552 atque

239 1562 353 1628 fallere
376 1585 436 1627 nos
459 1577 611 1646 possent,
635 1587 700 1628 non
725 1577 862 1651 estque
885 1567 958 1632 illos
977 1588 1149 1651 arguamus
1172 1589 1209 1629 ac
1231 1564 1304 1630 falsi
1330 1564 1545 1628 convincamus.

242 1660 358 1743 Neque
380 1658 462 1721 enim
491 1658 628 1725 eiusdem
652 1660 780 1745 generis
805 1682 931 1723 sensum
954 1660 1094 1725 eiusdem
1118 1660 1245 1746 generis
1261 1660 1323 1724 alio
1347 1658 1546 1726 iudicareesn

240 1753 404 1837 aequalem
428 1750 511 1814 enim
532 1752 595 1814 vim
621 1754 741 1816 habent
767 1765 799 1816 et
821 1757 949 1817 eandem
969 1766 1131 1817 merentur
1151 1754 1265 1817 fidem:
1288 1775 1348 1816 nec
1374 1751 1432 1835 qui
1454 1746 1547 1813 diversi
1586 1772 1587 1777 ¹

239 1858 288 1910 est
311 1844 438 1930 generis
461 1868 532 1931 eum
556 1832 611 1931 qui
635 1848 753 1911 diversi
775 1869 792 1910 a
818 1870 852 1912 se
876 1849 1002 1934 generis
1027 1868 1136 1910 seusus
1159 1859 1225 1923 est,
1265 1844 1447 1910 examinare
1470 1843 1546 1906 valet:

127 2012 129 2017 ,
240 1962 336 2025 quatum
360 1941 506 2003 diversae
529 1942 577 2005 rei
605 1941 740 2026 quilibet
762 1938 872 2005 sensus
900 1942 940 2005 sit
966 1943 1074 2007 iudex.
1114 1943 1190 2004 Non
1215 1940 1299 2003 euim
1329 1942 1467 2003 odorem
1488 1935 1547 1999 iudi·

127 2100 133 2122 Ι
239 2033 324 2097 rabit
344 2034 451 2109 visus,
475 2057 578 2119 neque
599 2036 701 2101 ratio·
725 2035 828 2102 omnis
850 2036 933 2100 enim
953 2036 1036 2100 ratio
1060 2056 1101 2099 ex
1121 2033 1296 2116 phantasiis
1318 2037 1451 2117 pendet
1499 2033 1547 2094 llec

239 2127 491 2210 phantasiauua
508 2130 599 2192 aliam
624 2130 813 2194 convincet:
837 2136 938 2216 ae'qpe
960 2130 1041 2193 enim
1062 2130 1208 2193 omnibus
1231 2130 1438 2191 attendimus.
1480 2124 1547 2191 Con

237 2222 384 2285 firmatur
404 2223 496 2286 etiam
520 2245 667 2287 sensuum
689 2225 807 2288 veritas
831 2235 861 2287 et
884 2224 961 2288 fides
984 2245 1026 2305 ex
1050 2244 1108 2300 eo,
1144 2211 1233 2308 quod
1254 2243 1407 2285 sensuum
1428 2222 1546 2305 ipsorum

240 2313 425 2379 affectiones
445 2315 615 2380 manifesto
630 2316 693 2379 sint
709 2328 805 2402 atque
820 2300 1004 2381 subsistant
1050 2317 1140 2380 Sicut
1155 2316 1235 2379 enirn
1259 2337 1323 2380 nou
1344 2315 1547 2396 potestipsun

239 2408 355 2471 dolere
379 2428 450 2471 esse
472 2420 505 2472 et
525 2431 589 2472 non
612 2431 682 2473 esse
705 2409 739 2473 id
761 2412 849 2497 quod
869 2412 1013 2474 dolorem
1036 2409 1152 2486 insert,
1188 2411 1246 2473 sed
1267 2409 1452 2474 necessario
1476 2408 1547 2470 ambo
1586 2436 1587 2469 t

238 2500 331 2564 simul
353 2514 444 2576 sunt;
478 2501 523 2565 ita
544 2524 642 2588 quum
664 2503 773 2567 videre
795 2526 854 2569 nos
877 2517 909 2568 et
931 2505 1042 2568 audire
1061 2505 1264 2588 perspicuum
1288 2501 1349 2578 sit,
1388 2504 1450 2567 erit
1477 2502 1547 2565 etiau

240 2606 272 2659 st
293 2593 325 2658 id
347 2594 435 2679 quod
458 2597 585 2660 videtur
607 2609 640 2661 et
660 2599 749 2681 quod
771 2599 912 2662 auditur.
1586 2682 1587 2685 Ἴ

324 2688 405 2752 Sunt
426 2688 528 2774 igitur
549 2691 695 2774 Epicuro
718 2712 828 2756 omnes
849 2714 959 2757 sensus
981 2691 1052 2757 veri
1073 2706 1105 2757 et
1127 2712 1238 2757 omnes
1253 2689 1441 2773 phantasiae
1463 2708 1545 2762 verae,
1586 2726 1587 2745 ι

238 2781 408 2866 opiniones
431 2805 495 2848 non
527 2785 626 2849 item:
665 2785 744 2848 aliae
775 2786 859 2850 enim
892 2808 990 2853 verae
1021 2800 1114 2864 sunt,
1151 2787 1229 2850 aliae
1250 2786 1372 2849 falsae:
1399 2785 1443 2847 ait
1467 2783 1545 2853 enin,
1586 2749 1588 2832 i

237 2876 408 2963 unicuique
430 2880 612 2960 phantasiae
638 2880 766 2989 adiungi
785 2881 889 2944 statim
912 2903 1044 2965 eamque
1062 2901 1081 2946 e
1104 2880 1243 2966 vestigio
1265 2878 1424 2986 consequi
1444 2876 1546 2960 opinio-

238 2992 328 3051 nem,
361 2994 455 3057 qnarp
478 2969 578 3056 δόξαν
600 2985 631 3038 et
662 2967 832 3066 ὑπόληψιν
860 2983 993 3052 vocant,
1018 2997 1080 3059 qua
1106 2974 1256 3039 videlicet
1280 2974 1382 3036 visum
1405 2972 1502 3054 ipsum
1518 2970 1546 3030 ab

236 3067 292 3130 itta
315 3065 366 3130 vel
387 3065 441 3130 illa
469 3088 506 3131 re
528 3067 700 3131 immissum
726 3070 811 3150 apud
836 3090 896 3133 nos
925 3070 1104 3134 statuimus.
1150 3067 1342 3151 Opinionem
1376 3087 1459 3150 ergo
1484 3066 1587 3137 hant

236 3172 333 3245 atque
345 3158 610 3225 existimationem
621 3182 690 3225 esse
701 3183 769 3225 eam
785 3185 867 3247 quae
878 3163 1019 3240 fallatur,
1032 3185 1126 3269 quam
1142 3185 1238 3270 quarm
1251 3164 1291 3225 ab
1301 3160 1459 3231 evidentia
1475 3170 1545 3241 atque
1586 3112 1587 3219 i

148 3283 152 3292 ·
235 3254 323 3318 illata
353 3275 429 3318 vera
455 3254 621 3343 phantasia
647 3255 842 3342 distinguere
864 3256 1057 3364 nesciamus,
1092 3256 1191 3339 ipsius
1215 3276 1360 3319 errorem
1386 3226 1587 3361 phantasias

236 3346 393 3445 tribuere.
447 3349 571 3429 Quare
586 3349 738 3433 sapientis
767 3370 856 3428 esse,
893 3349 1075 3433 opinionem
1098 3348 1361 3432 aperspicuitate
1381 3347 1543 3430 seiungere,

220 3435 294 3525 ,nec
316 3440 401 3504 illa
392 3453 475 3505 tuter
498 3462 532 3506 se
553 3443 768 3550 coufunderet
801 3443 828 3508 si
851 3445 1121 3522 confundantur,
1143 3464 1207 3510 uon
1227 3442 1399 3511 habituros
1422 3463 1478 3506 nos
1498 3456 1544 3523 quo

170 3548 175 3557 ‘
233 3533 426 3598 iudicemus·
458 3534 504 3599 sic
534 3536 615 3600 enim
644 3536 715 3620 ipse
747 3537 779 3600 in
808 3540 938 3628 κυρίοις
969 3534 1082 3621 δόξαις
1105 3536 1247 3620 scripsit
1302 3537 1355 3600 Εο
1390 3536 1471 3600 enim
1495 3550 1544 3594 reu
1585 3558 1588 3720 q

235 3620 422 3691 demittebat
442 3629 623 3713 Epicurus,
661 3630 688 3695 si
710 3653 789 3695 ulnus
813 3653 924 3697 sensus
950 3633 1087 3697 semel
1077 3655 1109 3696 tn
1140 3631 1206 3695 vita
1234 3630 1382 3694 mentitus
1409 3630 1467 3705 sit,
1488 3622 1544 3689 nulli

235 3741 375 3806 unquam
407 3745 476 3789 esse
510 3729 715 3789 credendum
781 3728 928 3813 Namque
966 3727 1012 3791 sic
1049 3727 1204 3809 scriptum
1235 3737 1284 3788 est
1316 3727 1402 3807 apud
1432 3722 1545 3787 Cicero·
1585 3669 1587 3795 i

234 3819 340 3893 nern¹,
366 3817 418 3880 cui
441 3817 509 3902 ipsa
535 3818 671 3900 Epicuri
697 3822 736 3884 de
761 3822 822 3884 hac
844 3843 881 3886 re
904 3822 988 3904 apud
1005 3819 1174 3884 Laiirtium
1197 3820 1317 3893 verba,
1352 3828 1385 3881 et
1407 3817 1477 3921 plus
1497 3830 1543 3875 uno
1585 3801 1587 3889 l

143 3952 146 3961 ·
234 3908 310 3973 loco
338 3911 531 3977 Plutarchus
558 3926 589 3976 et
622 3915 740 3978 Sextus
766 3915 1012 3999 adstipulantur.
1066 3913 1270 3980 Aristocles²
1305 3911 1399 3975 etiam
1428 3904 1544 3972 timuisse
1586 3934 1587 3995 3

234 4001 412 4085 Epicurum
436 4006 497 4082 ait,
526 4006 625 4071 nesi
651 4029 761 4072 sensus
785 4008 911 4094 aliquos
935 4010 1038 4074 falsos
1063 4009 1203 4084 diceret,
1237 4005 1368 4070 criterio
1390 4002 1542 4088 regulaque
1586 4000 1587 4019 ¹

234 4117 321 4161 omni
313 4097 602 4175 destitueretur
626 4103 877 4179 Tertttlliantrs³,
902 4102 1080 4185 Epicurea
1094 4103 1223 4187 (inqiut)
1241 4099 1437 4165 coustantius
1457 4097 1587 4183 (quan
1586 4096 1587 4107 ¹

233 4189 364 4270 Stoici)
366 4213 482 4275 parem
497 4193 643 4260 omnibus
661 4194 837 4279 (sensibus)
859 4210 954 4282 atque
976 4211 1163 4282 perpetuam
1187 4197 1359 4261 defendunt
1378 4190 1540 4257 veritatem:
1586 4186 1587 4281 l

230 4287 288 4349 sed
315 4285 375 4348 alia
414 4285 478 4351 via.
534 4288 611 4353 Nou
642 4289 724 4353 enim
754 4313 882 4356 sensum
917 4292 1063 4401 mentiri,
1106 4295 1164 4356 sed
1197 4289 1401 4374 opinionem:
1440 4295 1541 4379 seusun
1586 4284 1587 4373 l

232 4378 315 4444 onim
337 4378 428 4464 pati,
465 4400 530 4445 non
556 4381 702 4465 opinaris
738 4387 871 4449 animam
892 4385 976 4451 enim
999 4385 1138 4471 opinari.
1192 4383 1412 4465 Absciderunt
1435 4389 1465 4441 et
1487 4390 1540 4453 opt·

231 4470 362 4585 trionem
385 4496 403 4538 a
425 4497 542 4552 sensu,
567 4488 599 4541 et
621 4498 748 4542 sensum
770 4482 810 4543 ab
833 4479 971 4545 ιιιίιιιε.η

168 4653 170 4658 y
271 4569 427 4649 Quarum
449 4582 552 4649 autem
575 4571 644 4635 visa
663 4571 837 4638 furentium
866 4586 898 4638 et
919 4548 1143 4641 somniantium
1162 4570 1332 4656 Epicureis
1352 4564 1536 4633 obiiciuntnrt

212 4644 330 4744 ‘quum
353 4684 417 4747 qua
441 4664 564 4743 ratione
591 4665 683 4730 simul
715 4664 817 4750 paria
838 4681 871 4734 et
893 4691 1027 4754 magna,
1058 4670 1197 4733 rotunda
1223 4678 1255 4732 et
1275 4668 1434 4765 quadrata
1462 4648 1536 4720 turris

233 4772 1531 4846 W

146 4925 150 4931 -
184 4948 187 4951 ,
231 4889 339 5018 mm?
352 4888 477 5026 isaiam
495 4890 624 4999 Lucullo.
666 4891 706 4969 (²)
726 4890 805 4969 Apud
824 4891 927 4950 Eussb.
918 4912 1040 4995 .pruep.¹
1058 4894 1080 4950 l
1101 4898 1155 4967 tt,
1174 4899 1223 4952 20
1239 4912 1268 4968 p
1289 4893 1354 4954 767
1400 4886 1440 4965 (3)
1426 4880 1496 4962 lffl’·
1511 4871 1534 4926 33
