3288 5490
584 370 678 438 ctu.
701 370 744 473 1.¹
776 367 822 465 c.
843 369 875 433 r.

81 535 154 601 quac
174 512 279 588 docti,
301 522 336 575 ut
359 510 442 588 dini,
467 533 484 575 a
502 511 638 576 Graecis
652 522 764 594 petere
779 511 897 575 malent
905 508 930 587 1,
953 508 1113 577 indoctis
1135 504 1239 577 nobis»
1251 533 1292 581 ue
1314 514 1399 579 acci.

79 608 339 696 pientquidetn²3
360 619 407 670 ut
428 606 550 675 flustra
573 606 673 671 onmis
696 603 887 685 suscipiatur
908 604 1016 669 labor.
1061 604 1094 667 6.
1121 606 1188 668 Iam
1212 628 1292 671 vcro
1314 611 1400 690 phy.

79 706 154 780 sica,
177 703 204 766 si
225 703 420 784 Epicurum,
443 701 479 763 id
500 699 566 777 est,
592 701 618 764 si
639 697 861 763 Democritum
882 699 1073 778 probarem,
1106 713 1233 781 possem
1255 703 1398 766 scribere
1497 734 1499 741 v

79 798 244 881 inplere,
268 807 307 858 ut
326 795 516 881 Amafinius.
542 794 649 874 Quid
671 805 719 856 cst
740 791 824 854 euim
845 813 1013 876 maguum,
1038 815 1133 876 quum
1156 815 1268 857 causas
1289 817 1398 859 terrim

80 891 287 961 efficientium³
303 889 486 964 sustuleris,
511 891 553 951 de
568 887 834 972 corpusculorum
851 921 894 933 -
908 885 951 949 ita
973 886 1056 951 enitu
1077 888 1216 969 appellat
1228 894 1362 954 'atomos
1371 892 1395 966 1,
1485 884 1489 887 ’

24 1046 26 1073 Ι
82 1019 115 1033 -
134 984 341 1049 concursione
362 979 498 1050 fortuita
518 981 632 1070 toqui?
661 983 782 1045 Nostra
804 992 839 1043 tu
860 980 993 1061 physica
1014 983 1099 1046 nosti
1109 1027 1122 1058 ,,
1143 985 1168 1056 †
1191 1003 1272 1067 quae
1295 984 1399 1046 conti·
1485 1058 1486 1061 Ἴ

79 1079 220 1165 neantm⁵
236 1099 283 1157 ¹eu
306 1077 499 1153 effectione..
511 1089 542 1140 et
564 1099 605 1140 ex
620 1074 753 1139 materia
774 1094 821 1150 ea,
847 1096 942 1160 quam
957 1075 1097 1160 flagitet
1112 1076 1397 1150 formateffeetiot

78 1170 242 1236 adhibenda
264 1175 289 1247 †
312 1171 415 1235 enim⁶
438 1170 614 1256 geometria
645 1180 704 1233 est.
749 1168 984 1248 †Quoniam⁷
1016 1170 1203 1253 quibusnam
1218 1170 1399 1255 ''quisqnam

71 1266 228 1343 enuntiare
250 1267 378 1342 verbis,
403 1278 456 1328 aut
478 1288 572 1350 quem
595 1267 635 1328 ad
655 1262 894 1347 intelligendum
916 1261 1039 1343 poterit
1061 1265 1216 1326 adducere
1234 1265 1314 1327 haec
1328 1264 1400 1346 ipsa

80 1361 193 1424 devita
214 1371 246 1424 et
267 1360 431 1434 moribus,
456 1362 495 1423 de
519 1358 704 1443 expetendis
714 1359 731 1429 1,
740 1356 964 1442 fugiendisque
985 1356 1106 1423 rebus?
1131 1357 1183 1422 llli
1205 1358 1308 1421 enim⁹
1323 1358 1398 1421 sim-

79 1454 192 1537 pliciter
211 1454 345 1537 pecudis
370 1463 401 1517 et
421 1453 662 1529 hominis'idem
685 1454 806 1532 bonum
827 1470 897 1513 esse
920 1463 1069 1515 censent:
1094 1452 1178 1534 apud
1195 1463 1324 1516 nostros
1341 1475 1397 1516 au·

78 1549 175 1626 tem¹⁰‚
192 1569 255 1613 non
270 1547 415 1632 ignoras,
434 1570 515 1634 quae
530 1548 571 1614 sit
586 1559 618 1610 et
633 1557 748 1632 quanta
765 1545 937 1608 subtilitas.
983 1546 1014 1608 t.
1040 1545 1115 1608 Sive
1131 1544 1212 1609 enim
1229 1546 1397 1610 Zenonem
1493 1626 1497 1631 ¹

79 1663 212 1726 sequare:
236 1663 387 1728 maguum
406 1654 455 1706 est
473 1642 617 1717 efficere,
641 1653 677 1704 ut
698 1639 769 1724 quis
791 1638 963 1724 intelligat,
990 1638 1069 1723 quid
1087 1638 1128 1703 sit
1149 1638 1229 1701 illud
1251 1642 1397 1703 verum¹¹
1466 1658 1469 1667 ‘

80 1748 107 1799 et
126 1735 257 1817 simplex
281 1739 421 1812 bouum,
445 1738 533 1819 quod
550 1757 615 1799 non
629 1735 731 1819 possit
746 1735 785 1796 ab
800 1735 965 1797 honestate
982 1733 1120 1818 seiungi.
1165 1733 1263 1813 Qttod
1277 1735 1398 1809 bonum

24 1908 25 1913 η
79 1831 159 1914 quale
175 1830 232 1906 sit,
257 1842 357 1914 negat
373 1829 502 1894 omnino
518 1828 679 1912 Epicurus
700 1827 767 1891 siue
783 1826 1002 1909 voluptatibus
1012 1828 1037 1867 ¹²
1053 1849 1178 1891 sensum
1194 1828 1397 1893 moventibus

79 1945 128 1986 uec
146 1926 300 2007 suspicari
308 1927 346 1988 ¹³.
387 1926 421 1989 Si
437 1946 517 1988 vero
532 1922 925 1999 Academiaeveteris
945 1942 1188 2004 persequamur,
1210 1920 1303 2005 quam
1322 1944 1395 1998 nos,

66 2029 108 2080 »ut
120 2018 187 2095 scis,
202 2022 401 2101 probamus:
427 2040 520 2103 quatu
540 2017 636 2081 erit'¹⁵
651 2018 703 2081 illa
719 2029 808 2080 aetite
824 2016 1009 2098 explicanda
1025 2016 1136 2081 uobis!
1160 2039 1255 2101 quam
1270 2029 1395 2101 argute,

80 2133 162 2194 quam
175 2115 314 2179 obscure
331 2114 435 2188 etiam,
456 2123 566 2177 contra
577 2112 705 2177 Stoicos
720 2111 955 2175 disserendum!
985 2112 1109 2175 Totum
1118 2110 1217 2194 igitur
1231 2111 1309 2174 illud
1319 2112 1397 2191 'phi-

80 2203 230 2288 losophiae
241 2208 382 2271 studium
393 2207 469 2270 mihi
481 2207 606 2291 quidem
618 2206 686 2288 ipse
702 2226 807 2280 struto,
828 2217 860 2267 et
872 2207 910 2266 ad
922 2203 1005 2268 vitae
1017 2203 1226 2269 constantiam
1236 2204 1275 2278 ¹⁶,
1289 2227 1397 2287 ,quau-
1438 2246 1446 2271 t

80 2300 166 2361 tum¹⁷
177 2320 320 2385 possum,
332 2304 415 2365 etad
427 2301 667 2365 delectationem
675 2299 781 2364 animi:
799 2286 859 2362 nec
870 2299 968 2361 ullum
979 2299 1133 2374 arbitror,
1144 2310 1179 2361 ut
1191 2302 1274 2379 apud
1284 2301 1397 2363 Plato-

24 2388 25 2393 ’
80 2407 201 2473 nemost,
219 2394 715 2459 mniusautmelinsadiisdatum
728 2415 840 2458 munus
848 2392 980 2456 homini.
1003 2394 1036 2457 8.
1050 2394 1347 2468 Sedmeosamicos,
1365 2393 1398 2455 in

81 2487 182 2570 quibus
193 2493 277 2554 est18
289 2491 437 2569 studium,
458 2490 490 2554 in
504 2489 670 2554 Graeciam
687 2489 792 2565 mitto,
813 2488 846 2551 id
857 2499 916 2565 cst,
939 2489 978 2550 ad
990 2488 1135 2553 Graecos
1146 2487 1192 2550 ire
1203 2485 1297 2550 iubeo
1307 2486 1345 2562 111,
1364 2497 1399 2549 ut
1462 2542 1471 2567 Α,
1526 2488 1546 2561 ,Ῑ
1596 2508 1599 2515 ’

144 2690 179 2755 (1)
195 2686 232 2741 de
251 2689 290 2741 D.
309 2705 384 2762 susp.
402 2689 472 2744 Eris.
485 2696 511 2747 1.
532 2689 567 2744 G.
581 2694 608 2745 2.
626 2716 664 2732 -
683 2689 800 2743 mallent
819 2685 890 2743 Cdd.
902 2687 938 2739 H.
949 2687 983 2740 V.
998 2688 1032 2740 D.
1052 2685 1107 2740 Hb.
1126 2714 1164 2728 -
1183 2686 1292 2737 malunt
1309 2687 1353 2742 M.
1368 2687 1399 2739 L.

81 2760 112 2829 (1)
134 2768 270 2834 accipient
291 2761 324 2817 de
342 2765 378 2818 D.
399 2770 537 2818 sententia
556 2766 622 2819 Em.
643 2762 733 2836 Seqq.
762 2764 810 2816 Sic
830 2762 865 2817 G.
879 2769 907 2819 2.
926 2790 964 2804 -
983 2780 1002 2812 a
1021 2761 1100 2829 nobis
1120 2780 1154 2813 ns
1173 2767 1314 2834 accipiunt
1332 2767 1399 2833 qui-
1509 2762 1513 2765 ”

81 2836 133 2888 dem
150 2843 225 2906 (sic)
247 2841 326 2893 Crat.
345 2840 397 2906 H.‚
417 2845 481 2912 quia
502 2832 563 2894 icil.
582 2841 664 2893 nobis
684 2837 843 2914 praeferunt
861 2836 1022 2892 Amafiuios.
1045 2866 1082 2880 -
1100 2855 1175 2888 naa
1191 2837 1271 2888 nohis
1290 2836 1399 2907 quidem

24 2946 26 2949 ·
82 2918 207 2984 accipiunt
235 2913 394 2994 (accipient
411 2916 478 2969 Bru.
499 2914 544 2992 1.)
572 2917 606 2970 V.
627 2917 669 2970 M.
688 2917 721 2970 L.
740 2915 794 2968 Hb.
815 2925 842 2973 1.
871 2918 945 2985 „qui
974 2928 1065 2965 tamen
1091 2911 1250 2965 doctissimi
1275 2917 1398 2968 sumus.”

24 2994 25 2997 ’
81 2989 160 3042 Nimis
186 3006 358 3065 arroganter.
406 2990 444 3060 (³)
473 3021 508 3034 -
529 2989 682 3063 ffeientes
708 2992 739 3044 L.
765 3007 840 3064 susp.
888 2988 926 3064 (1)
953 3014 989 3030 -
1009 3004 1065 3042 om.
1085 2997 1198 3039 atomos
1219 2986 1272 3042 cd.
1292 2989 1400 3042 Ursini.

82 3048 165 3121 lineis.
201 3067 242 3140 (⁵)
260 3069 352 3119 Locus
372 3082 530 3140 corruptus.
548 3097 586 3111 -
603 3072 801 3119 comitarentur
814 3069 846 3119 L.
860 3064 890 3121 C.
910 3069 1157 3115 —eoncinuentur
1171 3064 1208 3118 G.
1224 3063 1308 3117 dubia
1324 3081 1402 3137 susp.
1470 3098 1504 3137 a!

82 3153 114 3192 oe
129 3147 305 3194 contineatur
318 3142 432 3216 Madvig
443 3144 467 3198 1.
484 3162 511 3216 p.
526 3151 605 3209 108„
624 3149 721 3197 nescio
741 3159 776 3195 au
796 3141 934 3196 consulto.
953 3169 992 3181 -
1010 3159 1080 3212 quae
1100 3158 1184 3212 qutun
1201 3144 1400 3193 contineantur

24 3228 25 3231 ’
83 3214 173 3270 cedd.
190 3218 229 3273 D.
246 3218 304 3272 Hb.
341 3219 483 3272 Fortasse:
515 3238 567 3291 quo
593 3220 755 3271 collineent:
781 3217 833 3273 cir.
858 3217 891 3268 de
917 3216 997 3268 tuna.
1018 3221 1051 3283 5,
1070 3220 1103 3283 6,
1122 3221 1168 3272 22.
1206 3215 1328 3268 Verbum
1356 3232 1399 3269 est

24 3300 26 3303 ’
83 3289 172 3364 ubique
191 3290 247 3347 iere
268 3309 441 3366 corruptum.
481 3292 517 3361 (⁶)
537 3311 575 3347 on
593 3300 679 3347 etiam
695 3290 739 3347 M.
759 3291 891 3357 disis.
928 3293 1028 3355 Recte,
1047 3304 1078 3344 ut
1098 3304 1193 3345 censet
1213 3295 1298 3357 etiam
1319 3289 1401 3344 Mad·
1484 3286 1488 3302 '

28 3448 32 3459 ι
83 3370 127 3440 sig.
168 3370 205 3438 (7)
233 3373 327 3424 Etiam
346 3370 402 3422 hoc
422 3366 600 3443 cbrruptum‚
625 3362 683 3423 etsi*
699 3367 844 3464 deifndere
864 3365 955 3421 stades
976 3365 1098 3461 Madvig.
1124 3383 1162 3420 oe
1180 3370 1239 3417 iam
1258 3370 1402 3420 verissima

24 3588 25 3591 Ὺ
83 3441 498 3592 zi.i¹¹ifi.ii.i·t⁵⁵.t.n
512 3439 1401 3594 iiimiiini'.ivi‘iiii‘faiiii‘iiii‘illinitis&

24 3598 26 3667 j
82 3593 154 3647 nobis
172 3601 225 3663 sit,
250 3613 337 3668 quam
357 3596 495 3649 Amafinio
515 3597 599 3650 alicui
621 3598 735 3670 physica
753 3612 904 3669 exponere,
929 3601 1036 3668 optime
1057 3598 1259 3666 supermitte,
1284 3597 1330 3666 qui
1350 3611 1403 3647 uo-

24 3676 26 3735 ᾗ
83 3684 131 3723 stra
153 3670 268 3744 physica
294 3675 379 3725 nosti.
417 3673 511 3744 Longe
538 3688 568 3726 ea
595 3671 706 3743 quidem
733 3671 877 3724 subtiliora
903 3686 984 3737 sunt,
1013 3685 1095 3742 quam
1115 3670 1267 3742 Epicurea:
1300 3674 1402 3743 quippe

24 3764 26 3821 ζ
83 3760 143 3816 qnae
160 3763 303 3800 versentur
322 3751 352 3800 iu
372 3762 518 3802 causarum
538 3746 719 3801 efficientium
746 3763 779 3815 et,
800 3751 918 3800 materia
943 3745 978 3798 ab
1004 3744 1104 3799 iisdem
1129 3745 1250 3799 formata
1275 3761 1403 3801 contem·
1514 3739 1517 3750 ’

24 3828 26 3897 p
82 3818 193 3890 piatione
213 3826 374 3877 coniuncta.
413 3824 560 3878 Praeterea
579 3821 735 3879 adhibenda
754 3822 835 3876 nobis
856 3839 897 3877 est
917 3827 1087 3894 geometris,
1118 3834 1201 3892 quam
1221 3840 1255 3874 ex
1274 3836 1335 3874 toto
1354 3840 1404 3875 ne·
1515 3826 1518 3837 '

24 3952 40 3963 ³·
84 3891 179 3968 gliguiu
197 3899 344 3971 Epicurei,
373 3914 509 3972 quamque
530 3894 632 3952 Latino
658 3915 786 3953 sermone
813 3914 931 3953 tractare
957 3896 1030 3950 baud
1054 3895 1136 3949 facilc
1159 3911 1210 3951 est.
1245 3897 1310 3963 'Iam
1336 3915 1402 3950 vero

24 3982 26 4047 ζ
83 3970 165 4024 ethica
184 3970 332 4046 disciplina
351 3978 574 4031 maioresetiam
595 3974 675 4043 offert
695 3971 871 4028 difficultates
891 3975 989 4027 Latine
1009 3970 1153 4041 scribenti.
1197 3970 1237 4040 (⁸)
1263 4002 1301 4013 —
1320 3981 1349 4024 et
1368 3970 1409 4029 de*

24 4058 26 4099 ζ
84 4062 139 4117 esp.
159 4064 222 4105 cum
242 4048 314 4103 Cdd.¹
332 4051 364 4102 V.
385 4049 421 4105 D.
441 4049 495 4105 Hb.
541 4048 578 4117 (⁹)
604 4080 644 4097 -.
659 4067 716 4104 om.
736 4055 809 4101 enim
828 4051 860 4103 L.
908 4049 959 4115 (¹⁰)
986 4048 1048 4111 Sic,
1072 4053 1101 4117 si
1122 4046 1187 4099 fides
1209 4045 1402 4114 collatoribus,
1445 4110 1448 4115 .

45 4160 48 4169 .
85 4117 147 4175 021.
164 4124 195 4178 L.
215 4123 294 4198 prob.
312 4125 348 4178 D.
369 4154 406 4168 -
424 4132 498 4178 enim
516 4126 619 4179 Ceteri.
648 4125 807 4179 Sexcenties
825 4125 897 4180 haec
917 4120 1134 4176 confunduntur.
1161 4123 1292 4176 Ceterum
1311 4139 1404 4177 totum
1481 4118 1486 4129 ⁴

83 4192 168 4249 Deum
187 4204 228 4255 sic
247 4199 355 4253 refinxit
373 4201 420 4253 L.:
447 4230 486 4246 ·-
504 4197 632 4271 ffatio:
657 4199 833 4273 (adlubenda
851 4206 924 4252 attint
942 4218 977 4253 ea
995 4203 1130 4250 materiae
1149 4201 1228 4266 ests)
1251 4196 1320 4249 haec
1339 4205 1403 4270 ipsa
1489 4197 1495 4211 ‘

85 4268 114 4320 ds
128 4278 189 4325 uita
208 4276 392 4342 simonibus,
419 4276 453 4328 de
471 4277 636 4348 expetendis
644 4273 851 4347 fugiendisque
870 4276 960 4328 rebus.
997 4274 1044 4327 itta·
1061 4273 1226 4345 simpliciter
1242 4274 1356 4343 pecudis
1375 4283 1404 4328 et

85 4341 192 4402 donanis
210 4351 283 4402 idem
300 4351 402 4413 doniam
420 4370 479 4404 esse
497 4346 628 4406 censent:
655 4352 732 4423 apud
748 4360 863 4405 nostros
880 4360 973 4404 atatem
989 4368 1048 4402 non
1066 4355 1201 4417 ignora-i,
1229 4366 1297 4418 qaae
1316 4355 1355 4400 sit
1373 4355 1414 4402 et‘

85 4430 180 4489 sunta
204 4426 362 4488 sethtilitas;
392 4446 480 4498 quam,
499 4429 664 4499 quibusnam
688 4432 787 4500 quedm
811 4431 958 4479 enuntiare
982 4426 1105 4485 verstri.
1129 4433 1180 4475 aut
1198 4443 1277 4495 quem
1295 4425 1346 4476 illa
1365 4424 1406 4479 aa

24 4528 25 4533 =
85 4498 286 4569 intelligendum
303 4508 411 4574 poterit
431 4502 589 4555 adducere?
607 4500 683 4554 'Sine
702 4519 757 4557 eet.
802 4505 851 4568 (1.1)
870 4510 1010 4555 Murram
1029 4500 1159 4560 Walkeei
1180 4517 1255 4571 susp.
1292 4500 1346 4568 (12)
1364 4529 1403 4545 -··

86 4583 164 4640 negat
182 4588 208 4631 o.
219 4574 369 4635 E.'se‚.sine
381 4598 411 4633 ν.
424 4579 456 4631 L.
470 4576 499 4633 Ε.
512 4608 552 4622 -
562 4587 695 4646 senegai
707 4595 761 4633 cet.
776 4597 790 4632 e
803 4580 867 4632 Bas.
881 4576 917 4632 G.
931 4584 958 4633 2.
983 4610 984 4617 .
996 4577 1041 4629 Tu
1060 4575 1120 4630 vide
1135 4573 1249 4646 Madvig
1263 4575 1285 4628 1.
1295 4593 1325 4648 p.
1337 4583 1404 4632 iti.
1430 4582 1432 4585 ’

24 4644 26 4663 '
87 4645 131 4714 (¹³)
157 4678 193 4694 -
210 4652 261 4703 vel
275 4671 298 4707 s.
319 4654 348 4705 L.
371 4652 400 4710 G.
419 4669 457 4707 oe
474 4671 510 4704 ne
528 4659 666 4726 stupicari
685 4655 795 4726 quidem
812 4653 938 4708 Ducendi
958 4670 1031 4725 susp.
1081 4648 1133 4726 (tt)
1160 4654 1276 4700 --sive
1296 4651 1353 4704 Ac.
1369 4649 1403 4703 da
1460 4690 1462 4701 .

87 4717 197 4778 Turnebi
218 4724 248 4782 d.
267 4728 299 4781 L.
318 4728 355 4784 D.
373 4728 428 4783 Hb.
467 4728 518 4798 (¹⁵)
537 4747 576 4785 oe
593 4737 676 4780 erunt
694 4730 762 4783 Ern.
781 4746 856 4802 susp.
894 4728 944 4797 (1⁶)
970 4759 1006 4775 -
1024 4727 1066 4779 ad
1082 4732 1162 4779 vitae
1178 4727 1430 4789 consuetudinem?

88 4802 111 4844 et
133 4808 324 4873 comtaatiam.
352 4805 394 4858 M.
414 4804 488 4859 solut
513 4822 545 4858 ex
565 4809 644 4859 meis.
665 4805 759 4858 Hucls.
805 4807 855 4871 (¹⁷)
885 4804 932 4858 Sic
952 4801 1021 4858 Edd.
1041 4818 1108 4856 vett.
1128 4804 1163 4855 Η.
1183 4802 1249 4854 Em.
1272 4810 1298 4858 1.
1318 4801 1353 4858 G.
1375 4806 1402 4859 2.
1482 4846 1484 4849 .

88 4895 122 4911 -
137 4885 265 4945 quantam
284 4880 317 4932 V.
336 4881 379 4935 M.
391 4881 429 4933 L.
448 4880 485 4933 D.
506 4882 561 4938 Hb.
599 4881 648 4947 (111)
670 4910 705 4923 -
725 4881 758 4931 id
775 4889 819 4932 est
836 4874 961 4936 Durani.
1005 4876 1060 4955 (19)
1080 4894 1119 4932 oe
1137 4878 1220 4933 Haec
1233 4875 1266 4930 t'd
1282 4886 1325 4931 est
1344 4908 1363 4925 .-
1382 4908 1402 4931 .-

88 4944 164 5002 tubeat
175 4956 232 5007 iam
249 4952 386 5009 Lambino
406 4971 550 5031 suspecta,
571 4956 602 5031 []
623 4956 753 5043 Wetzeb
767 4955 833 5014 Sch.
850 4961 877 5012 2.
975 4980 979 4985 *
