3188 5492
233 418 463 523 'CONTRA
484 423 793 509 acanumtcos
813 424 907 489 LlB.
931 425 998 489 111.
1043 423 1085 490 C.
1110 418 1162 491 1'5.
1184 428 1240 515 dd.
1355 428 1417 499 263,

73 587 151 650 ego
171 565 244 629 inde
266 565 373 628 venio.
417 562 573 647 Decepit,
610 576 706 649 atque
728 564 820 628 abiit.
873 566 937 629 Sed
959 562 1087 650 quando
1107 556 1168 632 iste
1191 568 1415 651 deciperetur?

73 660 161 724 Non
177 660 264 722 'enim
286 659 549 725 monstrationem
571 660 662 722 istam
686 672 845 743 tamquam
867 682 994 738 veram,
1018 661 1139 746 inquit,
1164 668 1335 744 approb03
1359 669 1434 729 sed·

71 755 157 837 qm'a
181 766 230 817 est
250 753 321 817 veri
343 754 464 818 similis.
523 752 569 818 Et
591 755 642 829 ldc
664 755 803 818 otiosum
835 776 922 829 esse,
956 777 1015 818 nec
1036 757 1224 832 honestum,
1259 781 1318 822 nec
1339 760 1415 824 utile

71 858 149 923 est3
179 851 239 912 bac
261 870 341 913 eam.
398 849 526 913 Interea
548 849 623 924 ille,
648 849 704 932 qni
726 848 926 912 assentiendo
949 849 1090 926 erravit,
1129 863 1192 913 tam
1216 852 1281 917 cito
1305 852 1414 917 existi-

66 934 169 1006 mans
190 965 268 1007 vera
290 964 358 1006 esse
379 946 480 1006 verba
498 944 656 1025 pastoris,
680 943 712 1006 in
735 945 810 1006 loco
833 945 902 1019 illo,
925 965 990 1027 quo
1013 947 1193 1018 tendebant,
1218 946 1280 1009 iam
1301 966 1335 1009 se
1357 950 1417 1010 ress'

67 1037 232 1099 finiebat:
271 1037 330 1100 iste
353 1049 454 1100 autern
479 1058 542 1101 non
572 1059 703 1113 errans,
735 1060 762 1100 si
792 1038 918 1120 quidem
948 1038 1117 1120 probabile
1145 1039 1310 1123 sequitur,
1346 1038 1411 1102 cir·
1460 1084 1462 1089 .

68 1132 177 1192 curarit
198 1131 294 1193 silvas
316 1132 425 1194 neseio
447 1154 537 1215 quas,
562 1133 702 1195 aeciam
725 1135 777 1194 cui
798 1133 887 1194 locas
909 1132 961 1199 ille
982 1143 1078 1195 notus
1099 1131 1151 1208 sit,
1180 1136 1218 1195 ad
1241 1155 1333 1218 quem
1357 1156 1414 1197 ve-

67 1225 148 1286 nire
171 1239 404 1306 proposuerat,
441 1226 575 1289 invenit.
631 1228 721 1289 Vere
745 1227 838 1288 vobis
861 1226 980 1300 dicam,
1014 1248 1110 1311 quum
1132 1227 1191 1289 ista
1214 1227 1412 1333 cogitarem,

66 1319 178 1382 risum
209 1332 317 1382 tenere
346 1342 408 1382 noa
439 1322 555 1428 potui,
592 1321 661 1384 lieri
690 1342 749 1426 per
779 1322 1045 1383 Academicorum
1076 1324 1175 1383 verba
1197 1320 1307 1384 nescio
1330 1342 1411 1404 quo-

67 1418 198 1486 modo,
237 1426 271 1475 ut
294 1426 381 1475 erret
402 1416 477 1490 illc,
503 1416 556 1498 qai
581 1437 687 1478 veram
711 1416 792 1477 viam
818 1414 868 1476 vel
891 1434 964 1475 casn
987 1416 1092 1488 tenet,
1132 1414 1184 1477 ille
1208 1427 1331 1489 autem,
1347 1414 1412 1515 qui

65 1531 137 1591 per
160 1510 250 1572 avios
273 1521 396 1573 montes
418 1510 628 1616 probabiliter
650 1515 764 1573 ductus
786 1523 845 1583 est,
870 1527 928 1569 nec
949 1508 1078 1612 petitam
1094 1507 1258 1592 regionem
1274 1488 1408 1584 invenit,

66 1624 144 1665 non
168 1602 312 1665 videatur
335 1624 455 1667 errare.
513 1606 556 1667 Ut
579 1605 661 1667 enirn
690 1586 889 1668 temerariam
918 1603 1159 1667 consensionem
1189 1603 1260 1666 iure
1293 1607 1411 1666 conde·

64 1716 196 1770 mnem,
220 1696 345 1759 facilius
368 1700 462 1761 ambo
486 1711 609 1773 errant,
635 1716 727 1781 quam
750 1690 810 1761 iste
831 1719 896 1759 non
910 1708 1009 1759 errat
1047 1698 1164 1759 Hinc
1154 1718 1215 1775 iarn
1239 1700 1429 1759 adversum¹

63 1793 133 1854 ista
157 1793 254 1854 verba
277 1780 484 1874 vigilantior,
509 1792 575 1873 ipsa
598 1792 681 1854 sacta
702 1784 864 1855 hominurn
888 1801 920 1852 et
941 1810 1048 1854 mores
1070 1789 1278 1853 considerare
1301 1791 1407 1871 coepi.

70 1889 162 1949 lum
190 1905 271 1948 vero
303 1897 365 1947 tam
396 1889 490 1948 multa
522 1885 597 1948 inibi
624 1899 655 1950 ct
677 1897 740 1948 tam
764 1884 941 1967 capitalia
933 1906 963 1946 ιιι
985 1884 1066 1948 istos
1091 1884 1300 1949 venerantia
1323 1906 1408 1948 iacn-

63 1990 156 2051 tem,
190 1990 225 2040 ut
255 1978 315 2041 iam
347 2000 409 2042 non
432 1980 591 2056 riderem,
631 1983 687 2044 sed
708 1980 823 2062 partim
847 1979 1087 2052 stomacharer,
1126 1978 1243 2059 partim
1265 1980 1408 2042 dolerem

63 2073 217 2136 homines
240 2070 442 2134 doctissimos
464 2086 495 2136 et
515 2075 716 2138 acutissimos
738 2074 769 2136 in
792 2083 879 2135 tanta
900 2071 1021 2135 scelera
1040 2073 1270 2136 sententiarum
1295 2085 1327 2135 et
1350 2073 1409 2136 fla·
1442 2136 1446 2141 ,
1529 2142 1533 2146 ,

67 2167 153 2253 gitia
176 2168 380 2235 devolutos.
1255 2184 1273 2221 z

159 2262 261 2329 XVI.
285 2260 338 2322 35.
363 2256 462 2323 Certe
485 2263 565 2323 enim
590 2284 652 2326 noa
674 2261 815 2326 sortasse
831 2260 933 2325 omnis
949 2259 1002 2344 qui
1020 2272 1126 2338 errat,
1151 2273 1281 2342 peccat:
1305 2261 1408 2325 omnis

65 2365 177 2418 tamen
201 2353 256 2437 qui
278 2364 411 2434 peccat,
434 2367 489 2416 aut
512 2377 622 2418 errare
646 2355 850 2428 conceditur,
882 2366 935 2417 aut
958 2354 1077 2437 aliquid
1098 2355 1201 2437 peius.
1241 2354 1352 2435 Quid?
1381 2355 1408 2417 si

67 2468 157 2530 ergo
180 2447 292 2532 aliquis
316 2447 561 2510 adolescentium
585 2470 680 2533 quam
702 2451 763 2512 hes
785 2448 931 2521 audierit,
956 2449 1109 2511 dicentes:
1134 2451 1263 2530 „Turpe
1285 2459 1334 2510 est
1355 2470 1408 2511 er-

65 2563 164 2617 rare,
189 2552 221 2603 et
241 2540 314 2603 ideo
337 2540 412 2602 nulli
435 2541 482 2604 rei
506 2544 685 2606 consentire
708 2543 877 2604 debemus:
902 2543 957 2605 sed
980 2552 1085 2603 tataea
1108 2563 1208 2625 quum
1232 2542 1299 2624 agit
1321 2544 1408 2625 qnis-

67 2658 136 2720 que
156 2637 243 2719 quod
265 2634 295 2697 ei
317 2634 444 2698 videtur
466 2637 652 2717 probabile,
677 2637 770 2700 ιιιι10
791 2646 922 2718 peccat,
947 2654 1006 2697 nec
1028 2634 1142 2697 errat'3
1154 2657 1162 2696 ι
1188 2634 1265 2698 illud
1286 2647 1406 2698 tantum

68 2728 268 2803 raeminerit,
308 2729 463 2814 quidquid
490 2732 634 2803 occurrit
665 2732 716 2793 vel
746 2731 850 2793 animo
878 2730 935 2792 vel·
951 2727 1115 2803 sensibus,
1153 2750 1218 2792 noa
1241 2750 1302 2810 pro
1328 2750 1406 2792 vero

67 2845 142 2888 esse
170 2825 431 2906 approbandum:
475 2824 507 2886 id
538 2825 637 2908 igitur
659 2825 787 2887 audiens
817 2824 1022 2896 adolescens,
1055 2820 1254 2885 insidiabitur
1283 2823 1430 2904 pudici-s

68 2918 135 2981 tiae
152 2916 265 2980 rixeris
281 2918 414 2985 alienae.
438 2954 480 2966 -
504 2920 553 2981 Te
569 2931 599 2981 te
614 2920 760 2993 consulo,
784 2921 837 2982 M.
856 2917 965 2993 t‘ulti;
989 2920 1028 2981 de
1043 2916 1290 2980 adolescentium
1305 2916 1405 2980 mori·

67 3016 134 3077 bus
164 3011 294 3095 vitaque
322 3022 512 3086 tractamus,
551 3013 602 3074 cui
631 3014 809 3075 educandae
839 3022 935 3094 atque
964 3010 1174 3074 instituendae
1199 3032 1308 3073 omnes
1331 3008 1405 3090 illae

71 3108 187 3169 literae
215 3116 289 3168 tuae
312 3105 541 3189 vigilaverunt.
587 3104 672 3186 Quid
695 3106 779 3168 alind
801 3106 941 3175 dictamus
964 3125 1021 3179 es,
1053 3124 1147 3188 quarn
1170 3102 1235 3167 non
1257 3104 1315 3167 tibi
1337 3124 1405 3165 esse
1435 3106 1436 3109 ’

68 3202 261 3284 probabile,
285 3211 320 3261 nt
341 3199 373 3262 id
394 3198 489 3262 saciat
511 3198 720 3261 adolescens?
741 3200 787 3262 At
808 3198 854 3261 illi
882 3197 1053 3283 probabile
1081 3210 1144 3261 est.
1201 3200 1281 3260 Nam
1312 3197 1338 3258 si
1364 3217 1406 3258 ex

71 3295 177 3371 alieno
207 3286 382 3399 probabili
399 3291 554 3369 vivimus,
594 3312 652 3355 nec
676 3304 710 3355 tu
733 3292 869 3355 debuisti
891 3291 1112 3354 administrare
1134 3312 1200 3353 rem
1224 3289 1400 3371 publicam,

72 3387 148 3470 quia
175 3386 323 3493 Epicuro
352 3386 454 3449 visum
483 3397 532 3450 est
561 3408 624 3450 non
655 3407 727 3451 esse
747 3387 937 3450 laciendum.
995 3384 1202 3449 Adulterabit
1223 3383 1325 3467 igitur
1346 3383 1400 3445 ille

71 3480 199 3545 invenis
222 3470 390 3565 coniugem
414 3480 565 3545 alienam:
592 3479 646 3565 qui
668 3479 929 3562 deprehensus
904 3501 931 3544 si
951 3479 1063 3556 fuerit,
1087 3478 1143 3543 nbi
1164 3489 1196 3542 te
1213 3475 1402 3551 inveniens
1442 3502 1446 3517 ι

73 3597 140 3657 qno
161 3573 372 3637 defendatur?
394 3596 583 3658 quamquam
606 3574 697 3637 etiam
720 3573 748 3636 si
769 3574 924 3651 inveniat,
949 3574 1026 3656 quid
1049 3573 1190 3636 dicturus
1213 3571 1270 3636 es?
1293 3573 1403 3655 Nega·
1446 3618 1447 3621 ι

71 3669 123 3733 bis
145 3690 206 3749 pro
209 3668 309 3731 l.ecto
368 3667 522 3746 Quid?
498 3690 525 3731 si
546 3680 610 3730 tarn
633 3669 752 3731 claram
774 3679 840 3744 est,
873 3678 907 3731 ut
927 3669 1048 3732 frustra
1069 3656 1231 3730 infitiere?
1260 3667 1402 3729 Persua
1433 3684 1435 3691 ’

76 3763 166 3827 debis
184 3761 340 3836 nimirum,
364 3772 523 3845 tamquam
545 3762 578 3826 in
602 3760 746 3829 Cumano
770 3762 935 3846 gymnasio
960 3774 1055 3847 atque
1078 3763 1157 3825 adeo
1173 3756 1400 3842 Neapolitano,

75 3858 153 3922 nibil
183 3878 253 3918 eum
272 3877 450 3941 peccasse,
485 3856 580 3920 immo
610 3855 705 3921 etiam
727 3878 785 3943 nec
808 3877 933 3920 errasse
955 3857 1093 3962 quidem
1152 3856 1227 3918 Non
1250 3850 1402 3916 enimla

77 3952 219 4014 ciendum
250 3970 318 4012 esse
349 3949 536 4013 adulterium
567 3972 628 4031 pro
652 3972 730 4014 vero
753 3949 813 4037 sibp
834 3951 1010 4031 persuasit,
1049 3936 1228 4031 probabile
1240 3942 1400 4016 occurrit,
1431 3994 1432 3999 ,

76 4057 202 4108 secutus
233 4055 298 4119 est,
333 4044 428 4106 fecit.
467 4056 521 4107 arrt
546 4044 695 4108 fortasse
716 4067 778 4107 non
803 4016 898 4119 iecit,
937 4046 992 4105 sed
1013 4044 1127 4106 secisse
1150 4041 1209 4105 sibi
1233 4040 1317 4103 visus
1339 4049 1400 4100 est.

76 4140 143 4203 Iste
165 4148 268 4201 antem
291 4137 441 4212 maritus,
477 4137 723 4212 bonefatium,
748 4126 916 4219 perturbat
945 4137 1051 4202 omnia
1072 4137 1178 4200 litibus
1201 4155 1263 4217 pro
1285 4131 1400 4195 rixaris

77 4232 217 4294 castitate
246 4233 466 4313 proclamans,
501 4254 571 4294 cum
602 4253 672 4313 qua.
694 4232 781 4296 sorte
813 4255 896 4294 nunc
926 4231 1060 4306 dormit,
1095 4240 1127 4294 et
1156 4228 1271 4293 nescit.
1326 4229 1403 4293 Hoc

76 4327 122 4389 illi
151 4326 270 4389 iudices
299 4324 326 4387 si
354 4325 587 4400 intellexerint,
626 4337 680 4387 aut
710 4318 1137 4408 negligent·Academicos,
1177 4334 1209 4387 et
1242 4334 1402 4404 tamquam

78 4420 194 4483 crimen
222 4420 422 4482 verissimum
455 4420 603 4501 punient,
639 4430 692 4481 aut
723 4420 838 4482 eisdem
870 4421 1150 4500 obtemperantes,
1180 4414 1402 4480 'verisimiliter
1449 4484 1453 4489 Ι

76 4513 232 4577 homiaem
261 4512 537 4596 probabiliterque
566 4515 778 4589 damnabunt,
816 4524 850 4576 nt
879 4513 940 4576 iam
971 4513 1048 4598 quid
1070 4523 1145 4597 agat
1165 4509 1226 4574 iste
1247 4521 1400 4591 patronus

76 4627 208 4690 prorsus
229 4606 372 4690 ignoret.
436 4604 499 4671 Cui
528 4606 610 4668 enim
638 4620 822 4671 succenseat
845 4629 907 4671 non
930 4607 1078 4681 habebit,
1116 4627 1213 4711 quum
1236 4623 1345 4666 omnes
1368 4621 1401 4662 se
1454 4658 1456 4667 .

76 4700 151 4764 nibil
179 4722 304 4764 errasse
333 4700 455 4775 dicant,
494 4701 620 4783 quando
650 4721 713 4763 non
739 4702 943 4764 assentientes
963 4701 997 4764 id
1019 4702 1109 4785 quod
1131 4702 1230 4762 visum
1253 4706 1303 4760 est
1323 4716 1401 4775 pro·

77 4794 177 4856 babile
199 4794 347 4857 fecerint.
407 4796 512 4859 Ponet
534 4794 633 4878 igitur
655 4804 824 4876 personam
847 4796 994 4879 patroni,
1025 4807 1057 4858 et
1079 4792 1263 4897 philosophi
1285 4811 1401 4854 conso-

76 4886 183 4963 latoris
213 4888 381 4970 suscipiet.
418 4888 461 4951 ita
488 4888 582 4952 facile
611 4890 823 4967 adolescenti,
859 4890 914 4976 qui
939 4886 1002 4955 iam
1032 4876 1151 4954 tantnni
1172 4888 1207 4954 in
1228 4884 1402 4951 Academia
1432 4922 1435 4929 ·

76 4980 261 5079 profecerit,
285 4982 502 5067 persuadebit,
522 4996 555 5046 ut
577 5005 611 5046 se
633 4995 795 5068 tamquam
814 4986 846 5049 in
869 4986 989 5050 somnis
993 4997 1101 5068 putet
1123 5005 1193 5048 esse
1207 4987 1400 5046 damnatum.
