3188 5492
475 414 601 497 ‚uua
624 414 672 478 v.
692 410 754 481 e.
778 413 831 496 m.
856 412 911 478 aa.
969 364 972 387 '
1315 417 1380 491 sos
1436 358 1458 373 i

37 538 250 629 uei-ouem·
266 580 331 623 non
353 558 457 625 solum
475 558 586 621 heatae
608 554 694 622 vitae
713 555 807 621 istam
828 557 920 619 esse¹
943 554 1191 639 oblectationem
1212 557 1377 634 ridemus,

11 720 14 726 ,
37 654 198 719 sedetiam
220 654 436 719 levamentum
454 649 667 733 miseriarum.
687 651 799 737 ltaque
821 648 923 726 multi,
940 671 1038 734 quum
1052 650 1085 713 in
1099 662 1258 732 potestate
1271 664 1392 719 esseut.

37 749 186 825 hostium,
211 759 270 812 aut
292 758 519 828 tyrannorum,
554 745 645 809 msilti
665 745 698 811 iu
720 743 884 820 custodia,
908 743 999 811 rnrrlti
1019 743 1053 809 in
1074 745 1206 824 amilio,
1230 741 1378 812 dolorem

37 864 124 907 suum
148 842 319 906 doctrinae
342 839 454 904 studiis
478 840 678 903 leuauerunt.
723 838 778 902 51.
801 837 961 922 Princeps
982 837 1075 923 huius
1097 838 1235 904 civitatis
1257 842 1378 907 Phale-

36 935 342 1012 reusDemetrius,
377 954 473 1018 quum
494 933 619 1017 patria²
640 932 753 1017 pulsus
776 945 859 996 esset
880 931 1013 1009 iniuria,
1038 933 1079 996 ad
1100 933 1322 999 Ptolemaeum
1341 957 1378 999 se
1486 968 1490 976 a

37 1051 144 1116 regem
167 1029 422 1095 Alexandriam³
452 1026 598 1093 contulit.
657 1026 722 1108 Qui
743 1048 841 1113 quiam
862 1026 895 1090 iu
916 1028 977 1089 hac
997 1026 1069 1109 ipsa
1089 1025 1313 1111 philosophia,
1335 1030 1379 1093 'ati

37 1147 128 1211 quarn
158 1134 192 1190 te
222 1126 415 1198 hortamur,
449 1102 641 1199 eicelleret'‚
682 1119 968 1205 Theophrastique
996 1132 1081 1185 esset
1100 1121 1246 1198 auditor3
1280 1124 1379 1189 multa

36 1220 204 1304 praeclara
225 1219 260 1283 iu
282 1219 339 1284 illo
361 1216 549 1283 calamitoso
571 1216 640 1281 otio
662 1214 812 1298 scripsit,
841 1235 908 1279 non
930 1217 1083 1279 adiissem
1105 1215 1243 1301 aliquem
1264 1239 1377 1296 auum,

38 1337 101 1400 quo
122 1328 194 1379 erat
216 1317 378 1380 orhatns:
401 1314 458 1376 sed
479 1309 574 1377 animi
595 1309 705 1375 cultus
720 1309 773 1373 ille
795 1319 868 1399 era(
886 1308 918 1372 ei
938 1309 1030 1395 quasi
1050 1308 1179 1396 quidam
1200 1312 1378 1379 humanita-

36 1412 75 1474 tis
95 1409 220 1489 cibus„
258 1408 418 1495 Equidem
440 1403 545 1471 eCu.
567 1403 719 1482 Aufidio,
739 1403 929 1487 praetorio,
953 1404 1081 1468 erudito
1102 1402 1250 1482 homine,
1274 1407 1378 1470 oculis
1492 1475 1499 1489 ,
1541 1428 1556 1442 .

38 1516 150 1587 eapte,
186 1525 287 1588 saepe
309 1501 493 1577 audiebam,
524 1520 622 1583 quum
643 1518 678 1562 se
699 1498 781 1565 lucis
803 1497 925 1583 magis,
949 1518 1045 1581 quam
1067 1495 1232 1561 utilitatisl
1254 1501 1379 1571 deside·

38 1598 87 1663 rio
109 1598 238 1665 moveri
261 1596 413 1661 diceret:
431 1596 584 1660 Somnum
606 1592 741 1678 denique
758 1591 864 1669 nohis,
888 1589 953 1671 nisi
969 1587 1378 1676 requietemcorporihus⁵

40 1707 69 1757 et
88 1693 278 1758 medicinam
302 1693 459 1776 quandam
480 1686 603 1777 lahoris
627 1672 775 1763 afferret,
814 1697 927 1765 contra
948 1695 1094 1748 naturam
1115 1697 1299 1766 putaremus
1321 1690 1378 1753 da·
1411 1732 1415 1749 .
1467 1732 1472 1743 .

41 1798 115 1852 tum.
160 1788 286 1852 Aufert
308 1786 390 1851 euim
412 1803 544 1858 seusus,
569 1780 792 1869 actionemque
814 1779 898 1844 tollit
920 1780 1059 1845 omnem.
1116 1780 1252 1867 Itaque,
1275 1782 1303 1847 si
1324 1794 1378 1847 aut

41 1881 217 1967 requietem
251 1893 366 1946 natura
394 1901 460 1944 uon
489 1887 676 1964 quaereret,
711 1886 765 1941 aut
794 1895 864 1939 eam
884 1885 995 1956 posset
1016 1871 1077 1941 alia
1098 1869 1233 1959 quadum
1253 1875 1379 1941 ratione
1438 1890 1442 1899 ’

42 1977 213 2060 consequi,
240 1974 336 2039 facile
356 1971 583 2057 pateremur⁶3
604 1969 660 2069 qui
681 1969 775 2034 etiam
796 1989 881 2031 nuuc
897 1968 1012 2057 agendi
1033 1967 1153 2054 aliquid
1174 1969 1380 2056 discendiqtie

42 2078 132 2125 eausa
153 2081 264 2145 prope
286 2070 401 2124 cenna
421 2068 568 2122 uatruam
588 2054 714 2140 vigilias
736 2053 901 2137 suscipere
921 2055 1094 2119 soleamus.

49 2206 53 2215 .
121 2155 208 2219 XX.
233 2155 289 2219 55.
328 2156 412 2219 Sunt
439 2163 543 2216 autem
565 2148 679 2214 etiam⁷
715 2148 871 2224 clariora,
908 2146 960 2211 vel
982 2146 1077 2229 plane
1098 2148 1288 2234 perspicua,
1308 2171 1379 2215 uec

44 2248 210 2317 dubitanda
231 2248 351 2314 indicia
372 2260 522 2322 naturae,
545 2242 682 2317 maaime
703 2241 826 2308 scilieet
844 2241 876 2306 in
897 2238 1046 2320 homine,
1070 2242 1180 2308 sedin
1202 2244 1290 2310 omni
1308 2244 1378 2311 aui·

44 2341 130 2419 mali,
167 2354 205 2408 ut
228 2354 361 2426 appetat
383 2341 503 2407 animus
526 2338 647 2424 aliquid
667 2359 765 2423 agere
786 2357 931 2421 semper,
966 2358 1069 2422 neque
1100 2338 1165 2401 ulla
1195 2339 1378 2405 conditione

43 2433 176 2517 qutietem
206 2436 432 2518 sempiternam
460 2431 566 2516 possit
594 2431 675 2514 pati.
730 2430 840 2496 Facile
871 2443 920 2495 est
946 2432 1032 2497 hoc⁸
1060 2433 1246 2499 cernerem
1267 2433 1378 2516 primis

43 2549 216 2610 puerorum
242 2528 402 2594 aetatulis.
447 2527 647 2612 Quamquam
670 2522 752 2588 euim
775 2544 915 2601 vereor,
938 2546 978 2588 ne
992 2523 1105 2589 nimius
1125 2526 1157 2590 iu
1181 2529 1245 2592 hoc
1259 2524 1377 2613 genere

17 2642 19 2651 ⁴
46 2620 170 2702 videar,
195 2634 303 2688 tamen
326 2643 436 2691 omues
459 2631 586 2685 veteres
607 2617 815 2713 philosophi,
836 2619 971 2689 maxime
989 2619 1114 2698 notui,
1135 2623 1175 2684 ad
1190 2620 1379 2687 incunabula

46 2721 215 2797 accedunt,
241 2715 319 2803 qui⁹
340 2716 372 2780 iu
394 2710 530 2799 pueritia
551 2711 700 2777 facillime
722 2734 757 2776 se
779 2713 975 2777 arbitrentur
995 2725 1128 2780 naturae
1146 2715 1379 2780 voluntatem¹⁰

46 2833 136 2894 posse
158 2830 376 2898 eognoscere.
420 2808 575 2874 Videmus
596 2805 715 2892 igitur,
738 2819 774 2871 ut
795 2805 1023 2894 conquiescere
1045 2830 1086 2872 ue
1100 2807 1236 2874 infantes
1251 2811 1377 2894 quidem
1425 2820 1427 2825 ’

47 2906 177 2986 possint.
225 2905 333 2987 Quum
354 2924 435 2969 vero
456 2901 596 2986 paullum
617 2901 892 2986 processerint¹¹‚
922 2902 1101 2969 lusionibus
1120 2903 1184 2983 ¹vel
1205 2902 1378 2969 laboriosis

48 2999 245 3067 delectantur
253 3000 291 3075 ¹²,
315 3009 410 3062 utne
433 2995 624 3061 verberibus
639 2994 768 3082 quidem
791 2998 949 3061 deterreri
968 2996 1106 3081 possint.
1150 2999 1265 3084 anue
1287 2998 1379 3080 eupi-

49 3093 124 3157 ditas
146 3094 266 3180 agendi
286 3092 404 3176 aliquid
425 3089 581 3156 adolescit
599 3110 662 3152 uua
683 3112 754 3152 cum
770 3089 974 3154 aetatibus¹³.
1019 3091 1145 3176 Itaque,
1168 3114 1208 3156 ue
1223 3092 1251 3156 si
1267 3092 1379 3156 iucun-

49 3183 178 3252 dissimis
193 3187 323 3274 quidem
339 3207 399 3251 nos
412 3182 545 3250 somniis
558 3204 674 3250 usuros
688 3197 855 3266 putemus,
879 3185 1090 3265 Endymionis
1111 3207 1256 3251 somnum
1283 3187 1377 3253 uobis
1427 3248 1454 3259 „
1483 3178 1488 3197 '

50 3279 176 3346 velimus
185 3284 214 3325 11
231 3280 321 3348 daria
344 3280 441 3364 idque
453 3277 633 3352 siaccidat,
656 3277 769 3341 mortis
783 3277 883 3341 instar
897 3290 1057 3362 putemus.
1101 3279 1155 3343 56.
1179 3281 1264 3362 Quin
1284 3280 1378 3349 etiam

50 3370 255 3443 inertissimos
277 3375 434 3451 homines,
458 3371 566 3440 nescio
588 3393 651 3455 qua
672 3369 826 3457 singulari
846 3371 985 3457 nequitia
993 3373 1020 3412 ¹⁵
1034 3374 1209 3459 praeditos,
1236 3377 1379 3441 videmus

51 3476 150 3534 umen
171 3482 203 3535 et
227 3491 389 3553 corpore,
413 3466 609 3555 etanimo1⁶
630 3464 756 3556 inormi
776 3487 920 3549 semper,
957 3477 1008 3543 et,
1034 3489 1131 3553 quum
1152 3488 1188 3532 re
1210 3470 1297 3535 nulla
1317 3468 1387 3535 ius-1
1444 3532 1446 3537 .

52 3563 213 3642 pediautur
246 3560 445 3637 necessaria,
476 3571 530 3625 aut
557 3560 716 3625 alveolum
747 3580 908 3643 poscere,
938 3572 996 3636 aut
1023 3582 1178 3648 quaerere
1200 3556 1379 3649 quempiam

52 3652 173 3733 ludum,
209 3668 264 3722 aut
285 3649 463 3765 tsermonem
486 3653 622 3738 aliquem
643 3652 830 3737 requirere:
863 3676 1024 3741 quumque
1045 3678 1110 3723 uon
1131 3658 1269 3722 habeant
1289 3660 1380 3745 iug'e-

54 3767 124 3813 nuas
146 3773 188 3815 ex
210 3750 358 3818 doctriua
378 3747 628 3822 oblectationes,
665 3747 804 3813 circulos
826 3747 951 3833 aliquos
981 3761 1012 3814 et
1033 3746 1241 3818 sessiunculas
1249 3753 1277 3794 ¹⁷
1302 3747 1380 3821 eou-

56 3846 176 3911 tactari.
220 3849 272 3910 Ne
287 3845 410 3910 hestiae
428 3842 566 3929 quidem,
576 3891 579 3898 .
591 3824 670 3925 qrias
682 3841 901 3906 delectationis
914 3864 1008 3908 causa
1020 3845 1256 3923 concludimus,
1269 3870 1380 3933 *quum

120 3949 160 4025 (¹)
180 3968 246 4009 eum
259 3949 329 4005 Cdd.
343 3954 376 4005 1..
389 3953 425 4004 G.
439 3955 585 4006 2.-orn.
596 3964 655 3998 esse
668 3946 885 4004 P.V.M.D.t.
924 3946 1148 4024 (2)-epatra'a
1162 3955 1191 4006 i..
1211 3935 1381 4027 (ἦε-λῖ-
1463 3958 1465 3967 ’

55 4024 206 4080 sandream
219 4026 292 4100 spir.
304 4025 362 4080 Erl.
389 4022 426 4100 (1)
441 4022 530 4094 Quid,
544 4038 664 4096 quaeso,
674 4022 752 4074 hoel
776 4038 913 4093 quaenam
926 4028 1067 4098 oppositio
1080 4030 1154 4081 inter
1166 4025 1268 4096 lucem,
1286 4044 1314 4083 et
1327 4024 1383 4083 iui-

55 4092 181 4157 litatem?
215 4108 295 4157 cuius
333 4100 451 4172 denique
488 4099 622 4152 utilitatis
651 4095 827 4151 'desiderium
865 4099 1023 4172 intelligit?
1062 4101 1205 4174 Equidem,
1237 4109 1395 4178 suspicor:¹

56 4188 131 4240 quam
160 4179 332 4231 consrdatus'
350 4177 498 4239 desiderio.
536 4172 660 4235 Aufidius
692 4174 868 4249 praetorius,
905 4180 960 4229 nisi
998 4192 1096 4232 caecus
1130 4176 1249 4245 fuisset,
1280 4196 1383 4234 consu·

57 4243 136 4305 latum
163 4253 312 4382 adquam·
341 4247 500 4314 erat31sed
525 4267 584 4302 non
615 4264 675 4305 tam
700 4249 857 4316 maerebat,
887 4250 962 4303 hane
990 4268 1068 4325 spem
1088 4253 1142 4308 sibl
1161 4269 1285 4326 ereptam
1305 4272 1382 4322 esse,

58 4323 866 4476 ii?-i5..·ltt¹li²itit*”litttitlltiiltt
885 4342 996 4477 i⁰⁶⁸ii
1016 4325 1117 4457 ilia·
1136 4336 1263 4461 quq...
1282 4331 1383 4460 pisci

4 4538 6 4547 y
60 4419 635 4545 crsr.-0m.erramt.M.1iiD.1.
673 4459 711 4549 (⁸)
730 4503 771 4537 -.-,
788 4419 857 4539 tice
875 4476 919 4530 M.
938 4477 970 4533 L.
991 4485 1019 4536 1.
1055 4475 1094 4551 (⁹)
1114 4442 1180 4531 'auu
1199 4444 1269 4534 c'ua,
1289 4441 1383 4537 αξ
1441 4518 1444 4528 ,

60 4552 125 4617 quood
141 4587 159 4598 -
177 4588 196 4600 -
214 4555 390 4607 arbitrentur
419 4554 461 4609 P..
478 4551 524 4606 Cr.
545 4550 587 4605 M.
606 4551 638 4605 L.
657 4550 692 4604 D.
714 4557 740 4608 1.
762 4556 788 4605 2.
808 4579 845 4595 -
864 4551 938 4623 qraod
954 4584 973 4596 -
992 4585 1011 4596 -
1029 4554 1209 4607 arbitrantur
1228 4555 1295 4609 cdd.
1316 4556 1383 4629 aliq.

61 4622 91 4676 v·
125 4626 173 4704 (¹⁰)
192 4649 257 4684 cum
276 4628 345 4684 Cdd.
364 4628 397 4682 L.
417 4629 453 4681 D.
474 4638 500 4684 1.
520 4626 556 4681 G·
575 4633 603 4682 2.
622 4655 661 4669 —
679 4626 747 4679 volu
766 4634 854 4679 tatem
879 4628 912 4683 P.
931 4629 964 4681 V.
986 4629 1028 4682 M.
1066 4626 1119 4704 (11)
1139 4658 1177 4676 -·
1192 4638 1384 4703 processerint
1432 4644 1436 4654 ⁴

60 4708 155 4758 aetate.
174 4709 295 4776 Quidam
325 4702 398 4777 apud
426 4702 460 4757 ¹1..
485 4701 551 4756 Non
571 4706 686 4774 recepit.
749 4700 787 4776 12)
812 4732 848 4749 -
867 4703 1038 4756 delectentur
1055 4704 1122 4760 Ero.
1143 4705 1173 4763 Ε.
1195 4718 1241 4773 1.,
1258 4723 1289 4762 ut
1309 4707 1385 4765 011.

62 4769 106 4847 (¹³)
124 4795 159 4833 eo
177 4781 302 4834 aetatula
322 4778 374 4841 Cd.
393 4780 500 4837 Ursini.
539 4774 590 4851 (11)
609 4777 658 4831 Sic
676 4795 734 4830 nou
753 4782 857 4850 primus
878 4779 1045 4845 Lambinus,
1063 4780 1112 4835 sed
1132 4784 1172 4836 lu.
1186 4782 1233 4835 Cr.
1247 4783 1281 4836 V.
1301 4785 1384 4852 seqq.

62 4856 225 4913 -ttollmus
243 4858 280 4911 P.¹
320 4854 430 4929 (15)-
453 4857 580 4922 segnitia
608 4851 650 4905 vel
678 4858 800 4921 segnitie
819 4852 890 4910 cdd.
918 4856 983 4929 aliq.
1003 4854 1091 4932 (Mo.)
1111 4858 1143 4913 P.
1162 4858 1210 4913 Cr.
1248 4856 1299 4933 (1⁶)
1318 4875 1383 4911 cum

62 4921 124 4980 Cdd.
148 4928 232 5004 (Mo.)
264 4933 312 4986 Cr.
331 4930 364 4985 V.
385 4931 421 4985 G.
439 4936 466 4987 2.
486 4950 524 4985 ς.-
543 4936 572 4980 et
596 4931 709 4991 auimo,
738 4937 767 4980 et
785 4948 862 4999 corp.
882 4932 912 4984 P.
932 4932 975 4986 M.
1001 4934 1034 4985 L.
1053 4934 1088 4985 D.
1110 4940 1136 4990 1.
1175 4931 1225 5007 (17)
1247 4939 1293 4987 uic
1312 4934 1384 4989 Cdd.
1446 4946 1451 4956 ·

63 5006 152 5071 ⁰Pl¹ml
170 5007 257 5082 (Spin
276 5004 334 5061 Eri.
365 5006 425 5064 Mo.
447 5001 518 5078 alii.)
538 5006 573 5060 D.
594 5002 666 5067 hallu
685 5011 711 5077 1.
732 5011 759 5061 2.
778 5022 816 5060 oo
841 5002 1028 5073 semicirculos
1046 5011 1147 5085 Ceteri.
1167 5010 1297 5083 Speciosa
1315 5011 1345 5079 lt.
1363 5011 1407 5063 1.1
1541 4996 1550 5037 1

1384 5240 1413 5259 l
