3288 5490
217 425 258 488 tt
498 417 898 489 ACADEMICORUM
918 417 1264 486 Posmutuuutu
1329 488 1332 507 .

289 564 383 630 =xl1.
419 562 474 626 13.
498 561 589 643 Quae
611 584 707 648 quum
729 560 884 626 dixissett
909 559 976 626 Et¹
993 559 1138 625 breviter
1154 578 1256 636 sane,
1272 558 1463 646 minimeque
1485 565 1544 627 ob-

166 728 170 739 ,
213 679 310 725 saure
332 657 482 740 exposita
495 669 575 734 est,
598 658 746 744 inquam,
771 678 791 720 a
810 668 856 732 te,
880 656 1011 730 Varro,
1035 665 1067 718 et
1089 652 1209 718 veteris
1232 655 1426 719 Academiae
1447 657 1541 736 ratio,

214 765 248 818 et
266 738 467 817 Stoicoru'm.
512 753 651 836 [Verum
661 753 690 833 2]
712 772 782 815 esse
804 761 908 814 autem
929 747 1135 812 arbitror-
1157 759 1192 810 ut
1214 748 1398 827 Antiocho,
1428 763 1543 817 nostro

212 843 379 922 familiari,
403 845 568 927 placebat,
592 878 635 893 —-
655 844 917 910 correctionem³
938 841 1056 907 veteris
1078 842 1271 908 Academiae
1291 843 1420 926 potius,
1451 838 1545 929 quam

192 941 353 1026 'aliquam
375 959 493 1003 novant
515 938 712 1020 disciplinam
733 942 917 1021 putandam.
963 938 1073 1001 Tuci
1094 939 1226 1019 Varro,
1251 939 1342 1002 Tuae
1364 950 1440 1001 sunt
1461 960 1545 1003 nune
1575 986 1578 995 .

213 1047 342 1121 partes,
356 1032 490 1120 ¹inquit,
522 1033 598 1119 qoi⁵
620 1035 660 1096 ab
682 1032 887 1118 antiquorum
909 1031 1036 1097 ratione
1055 1032 1235 1108 desciscis⁶,
1260 1043 1292 1094 et
1313 1052 1368 1109 ea,
1397 1055 1484 1117 quae
1505 1037 1544 1103 ab

214 1128 365 1194 Arcesila
380 1138 500 1191 novata
514 1137 605 1204 sunt,
629 1130 767 1209 probas,
792 1131 929 1203 docere,
954 1127 1060 1212 quod,
1085 1138 1197 1213 etqua
1215 1129 1254 1190 de
1268 1148 1363 1191 carisa
1378 1127 1542 1193 discidium

212 1223 335 1309 factum
356 1220 418 1285 sits
441 1233 478 1284 ut
495 1220 676 1297 videamus,
701 1221 818 1286 satisne
839 1221 899 1285 ista
921 1220 962 1284 sit
981 1220 1062 1283 iusta
1085 1220 1234 1284 defectio.
1280 1222 1333 1283 1111.
1357 1223 1444 1284 Τιιιιι
1467 1242 1542 1307 ego,

214 1315 299 1381 Cum
322 1318 475 1391 Zenone,
507 1314 653 1398 inquam,
688 1327 724 1378 ut
753 1315 949 1398 accepimus,
983 1314 1147 1379 Arcesilas
1176 1314 1238 1377 sibi
1265 1335 1359 1379 omne
1384 1327 1545 1379 certamen

212 1409 366 1487 instituit,
390 1430 456 1474 non
477 1410 671 1491 pertinacia,
699 1422 755 1474 aut
775 1410 882 1474 eurdio
904 1407 1072 1484 vincendi,
1100 1419 1135 1472 ut
1157 1404 1233 1472 mibi
1255 1408 1379 1493 quidem
1401 1409 1542 1486 videtur,

212 1510 270 1573 sed
291 1525 526 1569 rerumrerum
550 1503 766 1579 obscuritate,
791 1523 873 1588 quae
895 1504 936 1565 ad
957 1501 1193 1566 contessionem
1214 1502 1429 1586 ignorationis
1446 1507 1543 1568 addu-

185 1612 327 1665 ‘1erant
348 1601 533 1675 Socratem,
565 1609 615 1674 et,
648 1597 749 1660 *iam
773 1609 845 1678 ante
867 1597 1033 1660 Socratem
1042 1596 1067 1671 ⁷,
1099 1595 1340 1672 Democritum,
1364 1596 1543 1683 Anaxago·

98 1700 110 1711 '
186 1750 190 1761 .
210 1715 299 1771 ram,
324 1691 572 1774 Empeddclem,
597 1712 708 1771 omnes
730 1711 830 1773 paene
844 1703 991 1754 veteres:
1014 1690 1070 1776 qui
1085 1689 1164 1753 nihil
1178 1690 1352 1775 cognosci,
1377 1692 1456 1754 nihil
1469 1714 1544 1774 per·

153 1798 158 1811 ⁸
205 1786 297 1870 cipi,
320 1786 398 1850 nihil
419 1784 496 1848 sciri
516 1805 612 1870 posse
635 1785 852 1867 [dixerunt⁸];
876 1796 1029 1871 augustos
1051 1806 1182 1860 senatis,
1206 1784 1382 1849 imbecillos
1405 1787 1540 1863 animos,

210 1881 325 1946 brevia
349 1879 507 1943 cttrrieula
529 1878 633 1955 vitae,
665 1890 700 1942 et
719 1879 773 1959 (ut
794 1879 1021 1959 Democritus)
1043 1878 1075 1942 io
1097 1878 1260 1960 profundo
1283 1879 1450 1944 veritatem
1474 1902 1543 1945 esse

143 1976 145 1986 '
213 1978 409 2048 demersam3
444 1972 648 2054 opinionibus
670 1985 702 2035 et
721 1973 894 2037 institutis⁹
916 1973 1021 2037 omnia
1043 1973 1160 2047 teneri;
1194 1972 1272 2035 nibil
1293 1968 1423 2039 veritati
1444 1973 1564 2036 telin·¹

206 2070 286 2155 'qui3
324 2068 507 2148 deinceps¹⁰
530 2067 635 2131 omnia
662 2065 805 2130 tenebris
828 2064 1017 2129 circumfusa
1039 2086 1109 2129 esse
1130 2065 1292 2129 dixerunt.
1344 2068 1399 2130 ti.
1428 2068 1570 2154 ltaqne'

172 2188 174 2197 ·
212 2162 377 2228 Arcesilas
400 2162 559 2247 negabat,
583 2181 655 2224 esse
677 2162 866 2247 quidquam,
891 2162 978 2244 quod
999 2159 1077 2224 sciri
1097 2169 1227 2243 posset,
1252 2180 1292 2222 ne
1312 2157 1392 2225 illud
1413 2162 1542 2247 quidem

209 2254 333 2339 ipsum,
372 2259 462 2341 quod
483 2255 635 2319 Socrates
664 2254 724 2318 sibi
752 2254 955 2338 reliquissett
992 2253 1039 2318 sic
1061 2254 1166 2318 omnia
1188 2254 1322 2318 lateress
1343 2253 1376 2320 in
1398 2257 1541 2320 occulto.

110 2430 113 2435 θ
211 2352 328 2436 Neque
351 2368 420 2416 esse
443 2349 635 2435 qtu'dquam,
670 2347 760 2436 quod
788 2348 894 2426 cerni,
929 2359 984 2412 aut
1007 2346 1143 2432 intelligi
1164 2350 1328 2430 posset¹²t
1366 2349 1481 2431 quibus
1504 2352 1542 2413 de

212 2445 316 2508 causis
337 2443 414 2508 nibil
431 2455 586 2525 oportere
601 2464 704 2529 neque
718 2441 885 2524 profiteri,
908 2461 1012 2527 neque
1026 2441 1185 2506 affirmare
1204 2464 1414 2528 quemquam,
1440 2465 1542 2528 neque

81 2558 84 2573 ¹
185 2596 188 2601 .
210 2538 395 2603 assensione
403 2539 431 2580 ¹³
446 2540 647 2621 approbare3
670 2537 886 2623 cohibereque
900 2558 1045 2618 semper,
1069 2547 1100 2600 et
1114 2539 1154 2600 ab
1170 2536 1255 2602 omui
1270 2538 1362 2619 lapsu
1376 2538 1541 2602 continere

211 2633 441 2697 temeritatemt
466 2652 548 2717 quae
568 2644 635 2696 tum
657 2641 741 2696 esset
757 2629 909 2715 insignis,
933 2652 1032 2716 quum
1051 2642 1105 2693 aut
1118 2631 1218 2706 salsa,
1243 2642 1297 2693 aut
1311 2630 1475 2716 incognita
1491 2652 1541 2694 res

213 2730 472 2811 approbareturt
509 2748 613 2811 neque
634 2728 698 2793 hoe
720 2724 888 2810 quidquam
912 2745 982 2789 esse
1003 2724 1146 2808 turpius,
1181 2746 1275 2809 quam
1304 2724 1483 2811 cognitioni
1510 2736 1542 2789 et

211 2821 412 2907 perceptioni
441 2820 656 2886 assensionem
687 2817 1015 2904 approbationemque
1041 2839 1264 2903 praecurrere.
1301 2819 1395 2883 dluic
1423 2818 1540 2883 rationi

211 2917 301 2999 quod
322 2925 392 2979 erat
413 2927 678 2992 consentaneum,
701 2912 858 2990 iaciebat,
882 2925 1052 2979 utcontra
1074 2913 1212 2978 omnium
1234 2914 1406 2978 sententias
1428 2917 1455 2989 †
1474 2914 1540 2977 dies

212 3007 276 3072 iam
297 3008 472 3093 plerosque
493 3009 719 3073 deduceretur
757 3019 812 3085 ut,
844 3031 940 3096 quum
961 3010 994 3074 in
1016 3011 1124 3074 eadent
1146 3030 1183 3073 re
1203 3009 1292 3093 paria
1314 3006 1486 3073 contrariis
1507 3006 1539 3070 in

213 3102 358 3184 partibus
380 3116 540 3167 momenta
561 3102 719 3168 rationum
734 3103 965 3180 invenirentur,
980 3103 1106 3167 facilius
1122 3106 1163 3168 ab
1177 3115 1312 3188 utraque
1326 3114 1416 3187 parte
1432 3123 1539 3166 assen-

212 3193 262 3259 aio
269 3196 296 3235 ¹⁵
317 3197 540 3261 sustineretur.
585 3198 639 3260 it.
662 3199 756 3262 Hanc
768 3197 971 3262 Academiam
989 3218 1107 3262 novam
1122 3197 1335 3282 appellant¹⁶3
1361 3217 1449 3281 quae
1466 3194 1540 3260 mihi

222 3474 224 3487 ‚
285 3426 324 3501 (¹)
349 3455 389 3471 -
407 3443 463 3480 ont.
485 3434 514 3477 et
532 3426 564 3481 L.
584 3431 660 3495 (non
679 3428 757 3482 Man.
777 3432 883 3495 meus.)
903 3426 984 3502 prob.
1005 3426 1097 3481 Bentl.
1141 3425 1180 3500 (²)
1202 3428 1263 3481 Hoc
1282 3442 1348 3481 sane
1368 3442 1539 3502 corruptum.

208 3502 269 3574 Ego
289 3520 375 3576 quutn
393 3501 517 3557 viderem
537 3500 648 3570 (Oix.)
672 3503 714 3558 Ιιι.
735 3504 769 3557 Η.
791 3503 897 3576 legere:
926 3504 1032 3558 Verum
1050 3521 1109 3554 esse
1126 3511 1219 3554 aretem
1237 3503 1374 3559 arbitror.
1411 3506 1455 3555 At
1474 3506 1540 3555 Aa·

209 3577 302 3630 tinebo
320 3593 376 3634 eet.
396 3583 494 3632 statim
511 3578 654 3645 intellexi,
672 3595 687 3637 a
707 3578 976 3652 concupiebam
994 3587 1089 3632 usuam
1106 3578 1241 3633 arbitror.
1267 3579 1311 3631 At
1329 3597 1380 3653 pro
1399 3587 1441 3644 ut,
1461 3577 1541 3633 deee-

150 3704 155 3713 ,
209 3669 290 3726 ptum
316 3653 543 3728 interpolatorem
571 3654 691 3731 aliquem
716 3654 870 3719 inculcasse
889 3673 1003 3720 verum,
1029 3652 1161 3726 ἀληθέςι
1190 3670 1274 3724 eaque
1299 3655 1481 3728 interpolatio
1499 3674 1542 3708 re-

209 3732 314 3783 mansit
333 3734 364 3783 in
384 3727 454 3784 cdd.
480 3743 509 3783 et
527 3727 613 3800 Edd,
638 3734 764 3801 quamvis
788 3747 882 3783 rursus
908 3745 1035 3783 correcto
1061 3737 1102 3782 at.
1140 3728 1203 3785 Del.
1227 3734 1323 3803 igitur.
1350 3759 1390 3773 -
1407 3749 1472 3782 eam
1490 3747 1541 3802 pro
1628 3768 1630 3811 4

208 3821 324 3869 verum,
352 3803 427 3875 qnod
451 3808 491 3859 itn
516 3822 568 3879 pro
590 3801 670 3862 ἀλλὰ
688 3810 813 3880 positum
832 3820 897 3860 ante
915 3807 1010 3857 autem
1028 3804 1123 3859 locum
1142 3820 1207 3859 sane
1227 3823 1285 3858 non
1304 3804 1404 3870 babet,
1430 3804 1540 3860 dolebat
1629 3820 1630 3827 ¹

102 3924 106 3943 Ι
207 3880 276 3933 Ern.
303 3882 343 3922 -“
360 3879 460 3932 herm
479 3879 515 3934 G.
535 3897 610 3954 susp.
630 3885 737 3954 recepit
757 3880 824 3934 Scir.
845 3887 872 3936 2.
919 3879 957 3954 (1)
985 3910 1023 3924 -
1043 3886 1247 3953 correptionem
1272 3880 1314 3934 Ic.
1334 3882 1370 3936 H.
1389 3882 1422 3935 V.
1462 3880 1540 3936 Idem
1628 3898 1630 3923 t

208 3970 287 4006 error
306 3960 443 4028 reperitur
461 3955 496 4007 de
515 3958 630 4033 Amiciix
650 3954 673 4022 ᾗ.
694 3959 740 4014 9ο.
779 3955 816 4025 (i)
837 3975 852 4009 e
870 3953 940 4010 Cdd.
962 3957 1042 4013 6.’2.
1060 3985 1095 4000 -
1113 3955 1191 4011 Tuae
1210 3948 1314 4010 Ceteri.
1351 3955 1390 4027 (⁵)
1407 3984 1448 4000 -
1465 3974 1539 4028 qno·
1629 3976 1630 3979 ¹

208 4034 287 4081 niam
296 4030 360 4083 Urs.
370 4038 444 4158 todlp.
483 4028 521 4097 (⁶)
542 4033 589 4085 Sic
599 4048 663 4085 eum
672 4030 753 4098 esd,
767 4030 802 4084 de
813 4032 891 4085 Man.
902 4046 928 4085 et
939 4033 974 4087 D.
985 4037 1133 4096 sententia,
1150 4035 1197 4105 qui
1214 4031 1247 4103 []
1257 4050 1339 4096 natac,
1351 4034 1386 4087 6.
1396 4038 1424 4088 2.
1434 4059 1472 4075 ·-
1483 4051 1538 4083 ra-

207 4108 285 4157 tione
305 4122 378 4158 nunc
415 4111 526 4158 esciseis
544 4106 646 4161 Ceteri.
684 4107 722 4175 (⁷)
748 4105 957 4164 tentarent.
978 4108 1051 4167 Ver,
1072 4109 1202 4171 lectt.9,
1224 4105 1354 4181 tlt-(qni
1375 4122 1539 4160 tamenno-

207 4181 298 4238 lebat:
317 4183 395 4234 nebu
412 4186 471 4233 iam
488 4189 555 4233 ants
574 4180 617 4255 S.)
638 4181 707 4236 Lali.
721 4183 757 4237 G.
770 4189 798 4238 2.
816 4211 856 4226 -·
872 4191 902 4236 et
918 4183 969 4235 vel
983 4188 1042 4235 iam
1060 4192 1127 4234 ante
1145 4185 1174 4236 S.
1195 4181 1228 4236 de
1242 4183 1325 4237 Attio.
1344 4211 1383 4225 -
1400 4190 1429 4234 et
1446 4184 1538 4234 velasti
1628 4172 1630 4221 f

206 4266 337 4310 amantes
349 4259 378 4311 S.
391 4255 462 4337 (isid.
487 4257 606 4322 ¹Ceterae
623 4255 693 4312 Edd.
731 4255 769 4386 (1)
788 4274 827 4312 ce
845 4255 879 4311 de
898 4260 977 4313 Man.
997 4249 1134 4312 sententia
1154 4260 1219 4312 Ero.
1235 4265 1261 4316 1.
1280 4261 1315 4315 G.
1336 4258 1373 4330 []
1390 4257 1537 4311 discertent.

206 4332 273 4389 Del.
292 4333 359 4388 Seli.
372 4338 399 4391 2.
437 4329 569 4388 Defendit
588 4330 748 4391 Wernsdor

206 4423 266 4482 pta.
313 4407 364 4485 (¹⁰)
391 4435 431 4450 -
449 4408 564 4481 denique
583 4408 703 4463 Bentleii
722 4426 798 4482 susp.
846 4406 897 4484 (11)
926 4408 974 4462 Sic
995 4409 1031 4463 G.
1051 4408 1081 4465 6.
1099 4416 1126 4466 2.
1145 4435 1180 4451 -
1198 4410 1287 4460 latere
1303 4408 1444 4481 pittabant
1464 4408 1537 4469 eid.

762 4372 770 4388 .
813 4332 853 4409 (⁹)
872 4361 909 4378 ·-
928 4334 1103 4406 opinionibus
1121 4339 1213 4387 insitis
1234 4335 1269 4389 G.
1289 4351 1364 4407 susp.
1383 4352 1439 4386 uon
1459 4351 1537 4388 rece·
1628 4356 1630 4367 ι

103 4478 122 4553 J
185 4496 246 4529 '-
264 4486 353 4537 latere
372 4482 501 4535 dicebant
518 4481 589 4541 Cld.
609 4510 647 4527 -
662 4484 751 4536 latere
762 4485 911 4539 censebant
923 4482 994 4538 Cdd.
1006 4485 1104 4558 pleriq.
1124 4513 1162 4527 -
1173 4485 1193 4537 t.
1206 4484 1380 4538 censebatL.
1392 4485 1428 4539 D.
1440 4484 1497 4537 tib.
1511 4493 1538 4543 1.
1628 4512 1630 4517 ’

206 4565 303 4614 omnia
321 4579 354 4616 ex
372 4558 503 4632 interpol.
541 4557 592 4633 (11)
618 4558 665 4613 Sic
685 4558 754 4618 Cld.
773 4561 840 4614 Ern.
860 4558 890 4616 6.
915 4567 940 4617 1.
960 4558 1028 4614 ich.
1048 4567 1076 4616 2.
1094 4588 1132 4605 -·
1147 4548 1238 4632 possit
1255 4562 1363 4626 Ceteri,
1383 4563 1468 4613 etiam
1490 4561 1537 4625 6.,
1628 4618 1630 4625 ,

206 4635 257 4689 sed
276 4641 387 4691 inuitus.
427 4633 478 4709 (¹³)
504 4634 552 4690 Sic
574 4637 605 4691 L.
625 4633 655 4691 6.
676 4637 710 4689 D.
729 4635 785 4690 Hb.
805 4628 831 4693 1Ῐ.
851 4635 887 4690 6.
907 4641 991 4690 2.-
1009 4640 1164 4688 assertione
1183 4651 1217 4689 ac
1236 4640 1333 4689 statim
1350 4639 1536 4688 assertionem

206 4709 276 4767 Cdd.
295 4710 366 4767 Edd.
388 4725 451 4764 ante
472 4711 503 4766 Ι..
550 4709 601 4784 (11)
630 4710 721 4764 Locus
746 4726 904 4783 corruptus.
943 4709 1013 4765 Cdd.
1033 4712 1110 4765 'nibil
1135 4725 1262 4776 mutant,
1279 4716 1345 4765 ’nisi
1372 4709 1446 4784 quod
1469 4709 1535 4783 aliq.

204 4813 242 4831 ι-
257 4788 362 4858 pleros.
387 4812 426 4830 --
444 4784 595 4838 dissereret
613 4788 644 4840 L.
664 4783 694 4841 Ε.
721 4815 759 4829 ·-
778 4786 924 4838 dedeceret
941 4786 1078 4844 Werntd.
1098 4804 1173 4858 susp.
1202 4802 1240 4839 cte
1258 4787 1366 4851 dicens,
1396 4791 1453 4838 iam
1468 4787 1535 4858 ple-

205 4879 303 4933 rosque
319 4882 352 4915 eo
366 4861 513 4913 deduceret
529 4862 645 4916 Gesneri
663 4879 743 4935 susp.
757 4878 795 4916 oe
814 4862 910 4914 dicens
928 4868 958 4913 ire
977 4883 1039 4914 eam
1055 4864 1200 4934 plerosque
1218 4860 1364 4915 deduceret
1384 4859 1500 4934 Madvig
1512 4862 1534 4913 1.

202 4955 233 5010 p.
260 4943 324 4995 121.
361 4933 417 4990 Cir.
446 4939 528 4991 Beier
556 4930 641 5008 0ffl⁶·
670 4937 705 4990 T.
729 4944 754 4994 2.
782 4956 810 5011 p.
830 4941 875 4997 19.
924 4935 978 5012 (¹⁵)
1010 4969 1047 4983 -
1071 4943 1192 4991 assertio
1219 4936 1290 4996 Cdd.
1314 4936 1385 4995 edd.
1412 4953 1475 4992 acte
1500 4938 1533 4990 L.

181 5061 183 5067 ,
207 5010 258 5080 (¹⁶)
275 5040 315 5056 -
333 5014 512 5084 appellabant
531 5013 573 5067 Μ.
594 5014 676 5070 Grut.
1007 5038 1022 5075 ¹,

317 5112 322 5125 '
455 5104 462 5143 l

254 5286 261 5323 l
