3188 5492
261 436 460 507 cousus
481 378 796 507 acanumreos
818 388 922 503 nass
934 436 1003 504 111.
1038 433 1084 533 c,
1105 436 1141 502 a·
1162 437 1198 513 a„
1283 465 1305 513 ,·
1335 436 1398 504 ut

65 568 286 662 descendet-m)
306 580 354 644 sic
375 601 513 646 exorsus
540 600 629 645 sumt
665 577 822 644 Arbitror
846 599 907 645 ros
928 575 991 644 iarn
1017 574 1094 645 satis
1111 577 1394 659 animadvertisse,
1488 656 1492 661 q

64 681 184 766 quade
206 698 244 741 re
263 675 349 741 inter
365 696 426 740 nos
447 674 647 739 discritienda
668 674 815 760 quaestio
837 675 1013 740 constituta
1030 675 1083 740 sit.
1142 674 1207 754 Sed
1226 686 1396 761 antequam

63 777 101 839 sd
114 783 223 856 partes
235 791 322 836 meas
337 769 482 847 veniam3
505 790 587 856 quae
602 771 724 834 adeam
739 769 900 866 pertinent
915 769 1145 852 explicandam,
1160 789 1264 851 pauca
1275 790 1396 856 quaeso
1492 848 1496 853 .

61 872 100 933 de
119 888 198 950 spe,
236 869 276 929 de
304 864 393 942 vita,
426 867 465 929 de
494 864 639 929 instititto
663 875 778 929 nostro
801 885 866 929 non
891 865 932 929 ab
958 885 995 927 re
1023 864 1231 930 abhorrentia
1258 864 1396 928 libenter
1464 920 1470 931 a

62 962 201 1027 audiatis.
247 959 421 1046 Negotium
441 972 585 1043 nostrum
607 980 674 1039 non
691 960 764 1023 leve
781 970 835 1023 aut
856 932 1070 1042 sapei-fluum,
1103 961 1160 1023 sed
1180 957 1395 1027 necessarium
1506 951 1512 954 ’

60 1072 97 1123 ac
113 1076 274 1120 ‘crimmum
297 1074 365 1133 esse
390 1053 552 1143 arbitror,
577 1065 694 1140 magno
718 1074 819 1137 opere
841 1074 999 1139 qnaerere
1019 1052 1204 1118 veritatema
1226 1054 1291 1117 hoe
1310 1051 1396 1118 inter
1442 1092 1446 1097 ·
1474 1076 1477 1089 ‚

60 1161 221 1235 meatque
243 1138 397 1233 Alypium
419 1149 585 1215 convenit.
631 1151 713 1213 Nam
732 1161 765 1212 et
783 1148 882 1212 ueteri
904 1147 1092 1231 philosophi
1110 1147 1282 1231 sapientem
1302 1167 1394 1215 sinim

60 1266 126 1310 earn
148 1243 315 1327 ,invenisse
342 1254 558 1326 putaverunt,
592 1255 625 1307 et
649 1243 834 1325 Academici
863 1241 1000 1325 saplenti
1028 1264 1088 1308 sno
1117 1262 1241 1307 summo
1276 1253 1395 1307 conatu
1480 1276 1513 1347 3

59 1340 274 1404 inveniendam
294 1360 363 1403 esse
378 1339 519 1421 professi
535 1351 626 1414 sunt,
651 1339 748 1424 idque
765 1338 853 1405 illum
874 1359 970 1423 agere
992 1339 1117 1402 scdulo.
1163 1338 1227 1401 Sed
1243 1335 1394 1422 quoniam
1484 1344 1487 1359 '

59 1436 109 1499 rel
139 1435 255 1498 lateret
284 1435 423 1509 obruta,
462 1435 515 1498 rel
540 1434 674 1499 confusa
701 1454 766 1498 non
788 1433 958 1509 emineret,
995 1435 1034 1496 ad
1057 1434 1212 1519 agendam
1238 1431 1335 1496 vitam
1360 1430 1395 1494 id
1427 1492 1430 1499 ,
1506 1424 1513 1434 ’

59 1552 127 1595 earm
146 1527 258 1612 sequi,
282 1531 370 1613 quod
392 1526 561 1612 probabile
579 1549 616 1592 ac
634 1527 705 1591 reri
730 1527 832 1615 simile
858 1538 1058 1590 occurreret.
1104 1527 1142 1590 ld
1172 1526 1264 1589 etiam
1287 1537 1395 1589 vestra

57 1623 190 1708 pristina
212 1620 447 1704 disceptatione
463 1623 644 1686 confectum
666 1633 727 1686 est.
781 1622 864 1685 Nam
887 1640 984 1707 quum
1006 1623 1087 1685 alter
1109 1621 1237 1684 inventa
1257 1619 1392 1684 veritate
1460 1630 1463 1636 “

55 1719 178 1781 beatum
202 1708 273 1779 fleri
294 1716 466 1779 asseruerit
483 1715 662 1792 hominem,
688 1717 769 1780 alter
791 1737 873 1781 vero
895 1727 1017 1779 tantum
1040 1715 1211 1803 diligenter
1232 1715 1389 1802 qaraesita,

56 1811 131 1875 nnlli
145 1814 292 1876 nostrum
306 1811 435 1873 dubium
455 1821 521 1886 est,
545 1812 622 1874 nihil
637 1832 707 1875 esse
725 1826 742 1875 a
758 1810 853 1877 nobis
872 1810 947 1874 huic
966 1810 1100 1896 negotio
1115 1811 1390 1894 praeponendum.

57 1907 273 1986 Quamobrem
296 1907 561 1991 qualem-vobis,
586 1926 725 1990 quaeso,
748 1908 941 1970 hesternum.
960 1904 1041 1969 diem
1068 1904 1213 1970 vitlemnr
1237 1902 1394 1969 drixissef
1501 1940 1509 1951 ·

56 2000 158 2064 Vobis
177 1998 310 2085 qaridem
329 2000 360 2067 in
374 1999 484 2064 studiis
500 2000 617 2065 vestris
633 2000 747 2065 vivere
766 1998 868 2066 licuit.
912 2002 995 2064 Nam
1016 2011 1048 2063 et
1067 2011 1115 2076 tu,
1140 1998 1291 2084 Trygeti,
1312 1997 1394 2065 Vir-

56 2096 121 2181 gilii
144 2107 176 2160 te
202 2093 396 2158 carminibus
420 2095 607 2171 oblectasti,
642 2106 676 2159 et
701 2094 866 2159 Licentius
889 2095 1047 2181 lingendis
1069 2092 1218 2159 versibus
1244 2090 1390 2170 vacavit,

56 2208 190 2273 quoerant
219 2206 330 2254 amore
355 2188 397 2252 ita
423 2191 589 2272 perculsus
612 2202 678 2267 est,
712 2200 749 2254 ut
771 2202 910 2272 propter
932 2210 1005 2253 eum
1031 2189 1168 2253 maxime
1195 2186 1271 2251 mihi
1296 2187 1392 2250 istum

56 2304 236 2349 sermonem
263 2284 463 2349 inferendum
487 2295 650 2366 putaram,
680 2305 749 2370 quo
771 2283 803 2346 in
830 2283 897 2348 eius
927 2284 1030 2348 animo
1061 2279 1269 2367 philosophia
1294 2283 1393 2361 (mmo

14 2380 136 2445 ·enim
154 2393 283 2462 tempus
305 2381 367 2460 est)
387 2377 540 2443 maiorem
560 2390 702 2462 partera,
727 2400 793 2444 non
814 2380 910 2443 modo
931 2399 1026 2462 quarn
1044 2377 1193 2461 poetica,
1218 2376 1275 2440 sed
1291 2382 1391 2464 quiae·
1474 2452 1484 2466 „
1580 2416 1582 2423 ι

40 2473 105 2543 ,vis
125 2475 184 2539 alia
207 2473 391 2556 disciplina,
415 2472 483 2537 sint
498 2486 632 2557 tasurpet
654 2496 692 2538 ac
709 2472 866 2538 uindicet.

139 2570 188 2634 11.
215 2569 248 2632 ft
271 2570 335 2633 Sed
357 2589 477 2652 quaeso
499 2589 578 2648 vos,
613 2589 720 2634 nonne
747 2567 886 2632 miserati
911 2565 1014 2631 nostri
1037 2566 1131 2643 estis,
1168 2590 1263 2652 quum
1286 2567 1392 2652 pridie

58 2656 260 2729 incubitum
287 2663 438 2742 issemus,
475 2672 513 2728 ut
539 2665 579 2727 ad
600 2663 726 2729 dilatam
751 2661 987 2750 quaestionem,
1024 2673 1058 2726 et
1082 2682 1217 2744 prorsus
1248 2664 1289 2727 ad
1314 2663 1406 2728 nilril'

58 2750 138 2823 alind
158 2770 371 2844 cingeretur,
409 2760 496 2843 qnod
520 2769 606 2822 tanta
628 2761 669 2823 de
693 2778 732 2821 re
754 2756 903 2822 familiari
921 2755 1104 2823 necessario
1130 2759 1314 2843 peragenda
1335 2780 1393 2822 ex-

58 2853 223 2931 stiterunt,
248 2850 353 2918 uthis
376 2851 503 2935 penitus
525 2852 691 2935 occupati,
717 2851 771 2915 rix
793 2854 870 2915 duas
892 2863 1049 2916 extremas
1072 2850 1135 2916 diei
1155 2853 1252 2916 horas
1268 2851 1301 2918 in
1316 2873 1393 2917 nos·

58 2959 120 3012 met
133 2949 224 3031 ipsos
233 2946 405 3029 -respirare
418 2947 610 3031 possemus?
632 2950 741 3031 Quare
756 2968 883 3031 semper
897 2945 959 3010 fuit
972 2947 1126 3011 sententia
1141 2967 1229 3022 mea,
1254 2945 1393 3029 sapienti

58 3040 259 3107 iamhomini
281 3040 357 3105 nihil
381 3062 479 3125 opus·
492 3044 583 3106 esset
614 3054 650 3107 nt
672 3053 776 3109 autem
798 3040 922 3125 sapiens
944 3040 1019 3116 fiat,
1051 3039 1222 3123 plurimum
1245 3060 1405 3104 necessa*

58 3136 134 3199 riam
156 3157 228 3200 esse
247 3134 433 3201 fortunam:
467 3135 525 3200 nisi
548 3137 624 3221 qnid
645 3136 732 3201 aliud
752 3135 879 3198 videtur
901 3133 1036 3216 Alypio.
1082 3136 1167 3197 Tum
1180 3133 1256 3199 ille:
1282 3134 1393 3217 Quian·

59 3241 122 3293 tum
143 3229 244 3307 iuris,
280 3214 402 3313 inquit,
433 3230 583 3295 fortunae
604 3231 746 3306 tribuas,
781 3231 921 3292 nondum
943 3230 1026 3292 bene
1048 3228 1138 3292 novi.
1198 3214 1281 3293 Nam
1303 3227 1331 3291 si
1352 3231 1393 3292 ad
1432 3304 1435 3317 .

60 3326 317 3389 contemnendam
340 3322 524 3400 fortunam,
546 3324 680 3389 fortuna
700 3324 769 3408 ipsa
793 3345 876 3406 opus
897 3344 968 3397 esse
982 3321 1168 3399 arbitraris,
1194 3343 1244 3386 me
1260 3341 1391 3408 quoque

61 3421 206 3485 comitem
225 3419 257 3483 in
278 3420 361 3481 hanc
383 3420 578 3484 sententiam·
595 3421 637 3484 do
659 3420 730 3483 tibi.
776 3419 831 3484 Sin
853 3418 1003 3482 fortunae
1026 3415 1104 3481 nibil
1126 3416 1210 3480 aliud
1229 3415 1391 3493 concedis,

61 3536 149 3600 quarn
172 3535 230 3591 ea,
262 3534 343 3599 quae
364 3513 516 3595 corporis
539 3513 719 3578 necessitati
744 3534 809 3578 non
830 3514 968 3597 possunt
990 3512 1051 3577 nisi
1071 3512 1141 3596 ipsa
1163 3510 1294 3576 volente
1315 3531 1393 3592 sup-

11 3606 13 3609 ’
60 3621 189 3690 petere,
214 3630 279 3671 non
301 3606 344 3670 ita
367 3607 484 3672 sentio.
528 3609 598 3672 Ant
619 3608 702 3672 enim
724 3608 799 3672 licet
820 3610 929 3672 eadem
952 3614 1152 3692 repugnante
1168 3618 1264 3691 atque
1279 3603 1390 3683 invita,

60 3706 197 3767 nondum
220 3701 376 3785 sapienti,
399 3702 517 3784 cupido
538 3714 641 3766 tamen
665 3703 838 3785 sapientiae
860 3725 898 3767 ea
920 3722 1058 3777 sumere,
1083 3722 1166 3789 quae
1183 3701 1266 3764 vitae
1281 3718 1393 3763 neees-

60 3797 137 3861 saria
167 3798 377 3861 confitemur:
413 3809 468 3860 aut
495 3800 734 3863 concedendum
763 3810 812 3860 est
839 3796 933 3860 etiam
962 3795 994 3858 in
1024 3797 1110 3859 ornni
1143 3795 1294 3879 sapientis
1328 3795 1393 3858 rtis

59 3899 124 3954 eam
147 3890 321 3968 dominari,
346 3913 444 3976 quum
468 3903 501 3955 et
523 3888 596 3973 ipse'
614 3892 740 3976 sapiens
760 3889 814 3968 iis,
838 3912 919 3975 quae
943 3890 1076 3974 corpori
1097 3891 1278 3956 necessaria
1298 3901 1391 3967 sunt,

59 4006 120 4050 non
142 3985 287 4071 indigere
309 4005 374 4049 non
396 3984 512 4068 possit.
1214 4055 1218 4069 ,

12 4078 13 4087 ’
114 4082 175 4146 ’3.
204 4080 295 4148 Dicis
326 4100 428 4166 ergo,
465 4079 612 4165 inquam,
649 4080 812 4144 fortunam
842 4101 911 4145 esse
940 4078 1150 4145 necessariam
1172 4079 1319 4146 studioso
1340 4096 1410 4143 sas.
1437 4135 1442 4143 .

59 4172 212 4255 pientiae,
237 4172 374 4258 sapienti
396 4196 476 4239 vero
498 4197 611 4261 negas.
657 4176 733 4240 Non
757 4178 860 4239 abre
881 4187 930 4239 est
952 4178 1061 4240 eadem
1082 4182 1251 4260 repetere,
1276 4173 1391 4259 inquit.
1492 4232 1511 4243 .,
1537 4222 1539 4227 -

61 4266 172 4354 Itaque
199 4282 284 4334 nunc
312 4268 405 4333 etiarn
436 4271 500 4333 abs'
519 4281 553 4333 te
575 4290 718 4355 quaero,
755 4280 861 4333 utrum
883 4269 1047 4334 fomunam
1070 4271 1166 4333 adse
1188 4269 1289 4352 ipsam
1312 4289 1420 4333 con·-

59 4367 254 4427 temnendam
276 4363 394 4450 aliquid
414 4363 528 4428 iurare
550 4364 708 4431 aestimes.
753 4366 853 4445 Quod
873 4363 901 4427 si
921 4362 1107 4441 arbitraris,
1132 4364 1205 4428 dico
1219 4361 1393 4446 sapientiae
1439 4384 1441 4391 ‘
1487 4442 1490 4451 x
1568 4388 1576 4409 0

11 4496 12 4505 κ
60 4455 204 4538 cupidum
226 4478 344 4544 magno
367 4450 466 4541 o'pere
487 4458 631 4545 indigere
653 4459 798 4524 fortuna,
843 4459 1019 4535 Arbitror,
1041 4457 1241 4543 inquam,·si
1264 4457 1392 4544 quiidenr

59 4551 222 4630 perillam
245 4554 308 4618 erit
329 4553 423 4629 talis,
447 4554 549 4638 qualis
562 4556 642 4617 ‘eam
664 4553 768 4638 possit
790 4565 1017 4618 contemneres
1050 4575 1111 4618 neo
1134 4554 1307 4618 absurdum
1329 4562 1391 4616 est.

59 4640 206 4711 Nam'sio
227 4647 320 4711 etiam
342 4646 453 4731 parvis
475 4648 692 4712 nobis‘ubera
714 4648 896 4712 necessaria
917 4660 1010 4724 stant,
1034 4648 1151 4733 quihus
1173 4647 1326 4723 eflicitur,
1351 4658 1394 4710 ¹ut

56 4735 120 4802 sine
141 4738 190 4804 his
211 4754 325 4825 postea
348 4741 459 4805 rivere
494 4763 531 4805 ac
553 4742 662 4805 valere
684 4740 860 4823 possimus.
917 4742 1115 4819 sententias,
1148 4741 1210 4818 ait,
1241 4753 1391 4817 nostras,

57 4828 83 4892 si
109 4834 404 4919 animi-conceptio
434 4857 499 4900 non
527 4835 687 4910 dissonat,
723 4838 924 4900 concordare
955 4836 1031 4901 mihi
1058 4836 1177 4923 liquet:
1215 4836 1276 4902 nisi
1305 4837 1392 4919 forte

57 4922 292 4997 discernendum
325 4929 472 5015 orsiquam
496 4929 642 5004 videtur,
675 4932 763 5015 qrrod
785 4931 841 4994 vel
859 4930 1011 4997 fortimae
1043 4934 1097 4996 vel
1125 4935 1286 5009 uberum,
1326 4953 1393 4999 non

54 5014 238 5098 ipsaubera
258 5042 316 5089 seu
337 5022 489 5104 fortuna,
523 5027 580 5107 sed
600 5024 662 5089 alia
682 5046 735 5088 res
758 5027 914 5112 quaedam
936 5046 997 5093 nos
1018 5026 1115 5093 faciat
1137 5039 1389 5113 contemptores.
