3188 5492
144 436 146 443 ·
233 387 767 507 courunncanniucos
798 421 888 484 ιιι.
914 372 1167 487 11..ch24.
1305 424 1382 488 ιιι.
1435 462 1445 483 ,,
1523 495 1527 510 Ι

42 562 317 648 pulchritudinem,
337 561 426 651 citius
448 561 548 624 falsae
571 574 694 644 amator
716 572 783 636 est,
799 559 925 625 *sauads
943 560 1171 645 ‘renudatisque
1193 564 1368 647 paullulum

45 659 139 725 oculis
159 657 425 741 possetintueri,
460 669 577 741 quanta
600 658 766 737 voluptate
791 657 1013 740 philosophiae
1045 656 1169 742 gremio
1199 680 1233 721 se
1262 660 1367 723 invol-

42 755 147 816 veret!
181 752 355 833 Quomodo
379 751 423 813 ibi
444 761 477 813 te
499 750 685 835 cognitum,
710 750 792 812 sicut
814 771 926 812 verum
949 749 1082 813 fratrem
1105 752 1379 834 atnplectereturl.

41 843 168 911 Miraris
190 847 279 921 haec,
305 859 338 911 et
358 845 494 909 forsitan
516 846 614 909 rides.
660 844 770 926 Quid?
785 844 812 907 si
827 846 905 906 haec
922 845 1128 929 explicarem,
1145 858 1180 909 ut
1194 846 1369 910 volebam?

42 939 144 1021 Quid?
165 939 191 1002 si
206 931 317 1002 saltem
333 960 419 1014 vox,
445 938 472 1000 si
488 940 590 1001 adhuc
611 937 708 1001 facies
731 937 833 1002 videri
855 959 873 999 a
895 948 926 1001 te
948 959 1011 1001 non
1033 950 1158 1021 potest,
1182 940 1281 1023 ipsius
1296 939 1370 1024 pbi-

40 1035 198 1116 losophiae
227 1045 337 1121 posset
366 1033 493 1097 erudiri?
529 1032 700 1096 Mirareris
728 1033 899 1115 profecto,
931 1036 995 1120 ⁴sed
1027 1054 1092 1097 uon
1124 1032 1265 1111 rideres,
1304 1056 1369 1098 non

41 1130 234 1210 desperares.
282 1127 389 1191 Crede
412 1127 508 1203 mihi,
533 1131 573 1191 de
595 1128 685 1190 utillo
707 1129 936 1210 desperandum
960 1139 1033 1204 est,
1063 1130 1103 1190 de
1125 1128 1240 1192 talibus
1262 1141 1367 1205 antem
1406 1156 1408 1159 ’
1476 1196 1478 1201 ,
1533 1148 1537 1155 ’
1585 1144 1586 1185 f

40 1221 170 1283 minime.
217 1221 356 1287 Omnino
378 1233 449 1283 seint
472 1221 638 1303 exempla:
661 1221 758 1285 facile
780 1221 905 1298 evadit,
936 1221 1054 1286 facile⁸
1076 1222 1203 1287 revolat
1224 1225 1287 1286 hoc
1309 1245 1367 1309 ge·

40 1335 93 1377 ntis
114 1315 237 1390 avitum,
263 1315 368 1378 miultis
390 1315 520 1378 inclusis
544 1316 675 1379 multum
700 1315 899 1381 mirantibus.

117 1409 148 1471 8.
166 1411 231 1470 Sed
244 1410 284 1471 ad
298 1430 358 1473 nos
373 1412 557 1485 redeamus3
585 1431 657 1487 uos,
674 1411 820 1496 inquam,
846 1410 1061 1487 Romaniane,
1085 1411 1365 1495 philosophemurr

40 1501 240 1607 reddamtibi
255 1503 415 1586 ¹gratiam,
440 1502 525 1566 filius
548 1514 621 1567 tuus
643 1504 752 1586 coepit
772 1504 834 1567 iam
858 1505 1099 1587 philosophari:
1134 1527 1198 1589 ego
1221 1529 1292 1571 eum
1314 1531 1367 1575 re-

40 1596 156 1676 primo,
188 1607 224 1659 nt
246 1596 420 1678 disciplinis
442 1599 627 1665 necessariis
648 1598 737 1680 prius
762 1601 909 1664 cxctrltus
931 1601 1094 1685 vigentior
1117 1611 1148 1662 et
1169 1593 1326 1666 firmior
1317 1627 1366 1667 m-
1375 1626 1380 1640 ·

37 1704 158 1773 surgat,
190 1713 326 1776 quarum
348 1704 380 1754 te
402 1713 441 1755 ue
465 1705 582 1755 metuas
606 1705 788 1774 expertem,
827 1694 855 1758 si
875 1696 957 1756 bene
979 1705 1010 1756 te
1039 1693 1154 1769 novi;⁹
1187 1715 1279 1758 auras
1310 1691 1395 1762 tibi¹

37 1784 145 1846 liberas
161 1796 283 1851 tantiam
299 1793 392 1874 opto
437 1789 519 1849 Nam
543 1789 581 1855 de
604 1787 709 1850 indole
732 1787 809 1871 qrtid
832 1787 958 1850 dicam?
980 1788 1110 1850 utinam
1109 1809 1187 1852 non
1210 1801 1272 1852 tam
1291 1804 1365 1856 rara

38 1891 113 1941 esset
133 1881 177 1942 iu
181 1881 387 1956 homiuibus,
420 1903 513 1965 quam
535 1893 623 1942 certa
645 1860 694 1943 est
715 1881 748 1943 in
770 1885 829 1947 te!
877 1884 1013 1945 Restant
1043 1886 1107 1946 duo
1140 1884 1214 1946 vitia
1248 1897 1280 1949 et
1308 1885 1368 1949 im·

36 1974 205 2055 polimenta
229 1975 435 2038 inveniendae
458 1973 617 2050 veritatis,
644 1997 659 2037 a
684 1976 798 2060 quihus
820 1975 879 2039 tibi
898 1997 963 2040 non
979 1977 1108 2039 multum
1125 1977 1242 2052 time03
1266 1980 1363 2045 timeo

36 2082 150 2146 tamen,
177 2060 218 2133 iae
243 2083 275 2132 tc
298 2072 499 2146 contemnas,
536 2083 631 2155 atque
660 2071 861 2133 inventurum
891 2091 961 2132 esse
992 2073 1162 2152 desperes,
1198 2083 1251 2135 atrt
1279 2087 1366 2137 certe

37 2184 72 2225 ne
90 2164 250 2227 invenisse
272 2176 302 2226 te
325 2167 449 2231 credas.
492 2166 644 2244 Οιιιιιιιιι
661 2164 809 2246 primum·
823 2163 850 2227 si
872 2175 974 2229 tamen
996 2165 1101 2241 inest,
1138 2167 1197 2228 ista
1221 2166 1278 2230 tibi
1302 2168 1379 2243 ‘disq
1460 2206 1464 2213 ,

35 2257 149 2339 putatio
181 2258 327 2323 fortasse
359 2259 514 2323 detrahet.
574 2259 708 2340 Saepius
730 2257 812 2320 enim
835 2258 1042 2323 succensuisti
1064 2259 1287 2337 Academicis,
1326 2284 1367 2326 eo

38 2351 154 2435 quidem
178 2352 330 2437 gravius,
355 2353 546 2437 qarosminus
570 2354 712 2417 eruditus
735 2373 839 2429 esses,
863 2355 920 2415 sed
942 2373 982 2416 eo
1005 2353 1173 2430 libentius,
1199 2360 1286 2441 quod
1311 2371 1366 2420 ve-

37 2446 130 2508 ritatis
152 2468 265 2528 aurore
287 2446 480 2515 illiciebaris.
540 2447 741 2530 Itaqueiam
770 2447 1254 2528 crtus·Alypi0,·tefautore,
1287 2472 1367 2516 con-

38 2538 154 2640 lligam,
179 2551 212 2604 et
236 2541 294 2603 tihi
315 2541 409 2617 facilc
431 2544 640 2649 persuadebo
655 2545 742 2626 quod
768 2541 862 2617 volo,
887 2541 1098 2647 probabiliter
1119 2554 1236 2607 tamen.
1282 2546 1367 2609 Nam

39 2630 133 2713 ipsum
157 2655 272 2697 verum
295 2656 359 2701 non
381 2634 526 2710 videbis,
552 2635 609 2697 nisi
631 2637 663 2697 in
685 2635 923 2740 philosophiam
945 2646 1031 2698 totns
1053 2634 1236 2700 intraveris.
1281 2640 1367 2704 Illud

39 2736 133 2789 autem
157 2729 313 2805 alterum,
338 2732 425 2812 qnod
447 2740 479 2792 te
500 2714 640 2793 fortasse
663 2729 813 2813 aliquid
804 2728 965 2792 iuvenisse
987 2730 1186 2837 praesumis,
1221 2735 1366 2815 qrranrvis

40 2821 195 2885 anobis
187 2844 249 2886 ram
273 2842 428 2904 qrtamcns
450 2823 660 2909 dubitansque
682 2822 886 2888 discesseris.
923 2834 1029 2887 tamen
1056 2824 1082 2885 si
1112 2824 1188 2908 quid
1210 2831 1364 2911 supersti·
1428 2846 1448 2917 J

39 2911 125 2976 tionis
146 2904 178 2979 in
201 2915 337 2979 animum
361 2918 542 2981 revolutum
565 2928 630 2992 est,
668 2918 811 2981 elicietur
833 2917 1003 2999 profecto,
1034 2917 1105 2980 vel
1102 2938 1205 3003 quum
1227 2921 1285 2985 tihi
1308 2925 1365 2987 ali·

40 3029 134 3089 quarn
144 3010 313 3091 interpam
330 3008 578 3093 disputationem
599 3012 642 3082 de
664 3011 849 3121 Religione
865 3012 1002 3090 misero,
1028 3013 1081 3076 vel
1096 3035 1193 3097 quum
1212 3036 1364 3098 praesens
1432 3052 1435 3065 ³

40 3111 134 3165 tecum
159 3106 255 3167 murita
278 3105 459 3169 contulero
751 3165 753 3170 ,
803 3164 804 3168 ,

120 3200 151 3263 9
184 3201 262 3282 Egp
293 3197 373 3260 enim
394 3219 479 3261 nrrnc
502 3191 585 3263 aliud
607 3198 685 3262 nihil
706 3219 790 3284 ago,
825 3222 921 3284 quam
945 3218 996 3263 me
1016 3200 1085 3282 ipse
1107 3223 1214 3287 purgo
1237 3225 1253 3266 a
1277 3206 1367 3271 ranis
1477 3279 1481 3285 ,

39 3289 285 3376 perniciosisque
310 3268 529 3374 opinionibus.
574 3294 688 3378 Itaque
711 3313 777 3357 non
798 3293 911 3358 dubito
933 3293 1044 3361 melios
1067 3295 1144 3357 mihi
1160 3318 1246 3372 esse,
1272 3321 1366 3384 quiam

40 3384 102 3448 tihi.
125 3387 232 3450 Umam
247 3399 367 3450 tanturn
382 3398 457 3463 est,=
468 3391 549 3452 unde
563 3387 720 3460 invideam
733 3389 883 3452 fortunae
900 3401 984 3464 tatae,
1009 3392 1098 3472 qnod
1115 3391 1203 3453 solus
1214 3392 1331 3456 frueris
1340 3397 1367 3435 ¹⁰

39 3478 202 3569 Luciliano
220 3502 311 3546 meo:
336 3503 375 3546 an
400 3494 441 3545 et
452 3495 486 3546 tu
508 3483 660 3560 invides„
677 3483 750 3567 qnia
775 3481 861 3559 dixi,
886 3482 986 3546 uteo?
1009 3485 1073 3546 Sed
1096 3483 1173 3566 qnid
1194 3479 1260 3550 dixi
1283 3488 1369 3552 aliud

40 3556 126 3655 qttarn
152 3587 229 3650 tuo,
266 3588 297 3638 et
319 3576 458 3645 omnium
481 3577 661 3662 quicunque
682 3598 777 3641 ιιιιιιιιι
800 3578 930 3641 sumus?
953 3576 1003 3641 De
1026 3598 1092 3661 quo
1111 3589 1214 3641 tamen
1238 3591 1272 3643 ut
1292 3582 1368 3646 snb·

40 3669 157 3732 venias
164 3668 324 3734 desiderio
348 3691 439 3748 meo,
470 3672 547 3753 quid
568 3682 600 3734 te
625 3670 765 3756 rogem?
796 3671 916 3735 Tute'
907 3693 976 3754 ipse
1002 3666 1065 3753 pro
1092 3693 1142 3735 me
1163 3693 1246 3757 roga
1265 3697 1376 3760 qur-au-v
1414 3696 1418 3700 ’

39 3769 99 3822 tum
114 3763 187 3838 scis,
215 3764 287 3849 quia
305 3767 414 3828 debes.
460 3768 524 3829 Sed
538 3784 622 3828 niano
639 3766 792 3827 ambobus
806 3764 890 3839 dico,
915 3775 1038 3840 cavete,
1053 3783 1092 3826 ne
1109 3764 1184 3848 quid
1196 3788 1255 3856 vos
1271 3791 1368 3836 nosse

41 3855 253 3935 arbitremini,
287 3860 348 3922 nisi
370 3862 456 3949 quod
477 3860 521 3922 ita
549 3858 736 3934 didiceritis,
770 3857 879 3923 saltem
906 3871 942 3922 ut
965 3858 1088 3933 nostis,
1124 3880 1240 3936 unum,
1278 3867 1364 3942 diro,

40 3948 114 4025 tria,
137 3963 290 4035 quattuor
315 3953 417 4017 simul
422 3953 588 4017 collecta
580 3976 611 4016 ιιι
628 3974 777 4017 summam
800 3952 871 4014 fieri
892 3955 1015 4016 decem.
1060 3954 1135 4016 Sed
1146 3953 1219 4017 item
1241 3969 1366 4034 cavete,

41 4061 77 4104 ne
99 4063 158 4109 vos
180 4046 223 4108 in·
235 4047 439 4152 philosophia
468 4046 634 4111 veritatem
657 4060 710 4110 ιιιι
735 4068 798 4111 non
825 4047 1037 4139 cognituros,
1077 4058 1129 4108 ant
1155 4049 1243 4113 nullo
1270 4044 1400 4115 modo*

41 4110 80 4196 ita
101 4158 196 4219 posse
218 4139 373 4224 cognosci
395 4141 604 4207 arbitremini.
648 4144 730 4206 Nam
753 4140 849 4215 mihi,
872 4141 923 4204 vel
948 4141 1057 4222 potius
1083 4141 1129 4204 illi
1149 4144 1286 4219 credite,
1312 4145 1369 4229 qui
1469 4174 1471 4182 ι
1532 4133 1536 4155 ‘

42 4227 96 4304 ait,
118 4235 274 4316 quaerite
298 4247 333 4298 et
354 4232 551 4299 invenietis:
576 4255 635 4298 nec
653 4234 869 4319 cognitionem
890 4237 1129 4316 desperandam
1137 4256 1225 4310 csse,
1251 4249 1283 4300 et
1302 4261 1368 4300 rna·

41 4319 232 4392 nifastiorem
251 4329 416 4435 futuram,
443 4351 538 4414 quiam
557 4340 629 4393 stunt
650 4330 696 4393 illi
711 4329 848 4400 nrrmeri.
904 4331 999 4392 Nunc
1020 4332 1060 4392 ad
1084 4331 1289 4436 propositum
1311 4353 1368 4395 ve·

42 4414 168 4485 siamus.
223 4423 291 4486 Iam
328 4423 409 4486 enim
443 4445 517 4488 sero
547 4423 643 4506 coepi
666 4435 831 4500 metuere,
867 4444 906 4486 ne
932 4425 997 4486 hoc
1022 4422 1212 4504 principium
1240 4427 1368 4488 modum

42 4516 220 4593 excederet,
246 4527 278 4579 et
302 4515 367 4581 non
386 4529 435 4580 est
452 4519 537 4582 leve.
583 4521 665 4582 Nam
682 4518 794 4583 modus
809 4516 929 4598 ‚procul
948 4516 1045 4580 dubio
1069 4516 1194 4585 divinus
1219 4527 1286 4580 est:
1312 4521 1369 4582 sed

41 4602 183 4673 fefellerit
204 4600 300 4696 sirium
324 4614 458 4697 dulciter
480 4612 585 4686 ducit;
609 4634 667 4681 ero
689 4612 833 4687 caiatior,
859 4632 954 4693 quum
977 4610 1103 4697 sapiens
1124 4610 1233 4674 fuero.
1306 4662 1309 4663 ν

117 4704 180 4767 IV.
206 4709 258 4768 to.
281 4708 365 4770 Post
389 4707 557 4790 pristinum
570 4727 778 4783 sermonem,
818 4725 911 4789 quem
934 4703 972 4766 in'
991 4703 1127 4785 primum
1150 4703 1266 4766 librum
1289 4728 1368 4771 con·

42 4793 181 4872 tulimus,
203 4811 337 4887 ,septem
365 4801 572 4877 ferediehus
610 4823 628 4865 a
657 4790 846 4883 disputando
875 4798 992 4862 fuinms
1022 4795 1137 4874 otiosi,
1174 4820 1271 4882 quum
1300 4810 1367 4865 tres

41 4895 153 4973 tantum
177 4892 307 4976 Virgilii
337 4894 440 4981 libros
471 4907 546 4978 post
570 4895 707 4977 primum
733 4913 992 4968 recenseremus,
1032 4902 1145 4975 atque,
1171 4903 1205 4954 nt
1231 4894 1263 4955 in
1286 4906 1366 4957 tem-

7 5010 9 5017 >
43 4997 117 5057 pore
141 4998 323 5072 congruere
347 4988 532 5071 videbatur,
568 5000 788 5053 tractaremus.
846 4987 924 5067 Quo
944 4997 1047 5050 tamen
1076 5006 1174 5068 opere
1202 4987 1365 5057 Licentiae
