3226 5488
508 438 512 445 .
589 383 888 454 acanuutoA.
1155 382 1157 387 ’
1225 366 1246 445 ἦ
1329 394 1390 460 ιιι

73 546 157 610 quae
176 530 412 592 accommodata
435 532 474 591 ad
491 541 638 609 patrnam
661 541 751 602 stunt,
782 529 934 613 capienda
957 531 1116 597 hominem
1137 531 1288 616 impellit,
1311 557 1390 618 qua·

59 627 142 687 ‚darn
162 624 194 686 in
215 624 359 706 principe
381 625 473 688 animi
495 636 587 707 parte
609 624 713 707 (quasi
735 624 765 687 in
783 627 886 705 lance)
908 629 1125 709 propensione
1149 643 1179 692 et
1201 641 1278 692 nutu
1300 630 1387 695 ensi·

70 729 187 781 stente.
231 720 301 782 Nec
319 721 401 789 hanc
424 741 503 783 vero
530 720 730 783 affectionem
758 721 896 796 tollunt,
923 720 1030 806 quiin
1054 723 1213 787 omnibus·
1227 725 1387 789 assensio·

68 834 140 875 nem
161 812 310 877 retinent.
365 815 428 876 Sed
450 813 645 896 appetitione
667 825 831 888 utuntur,
850 837 930 897 quae
953 817 1088 880 naturali
1109 807 1330 899 propensione
1346 822 1386 882 ad

68 907 100 970 id
122 911 209 992 quod
231 912 499 972 accommodatum
523 920 652 970 naturae
674 919 826 990 apparet,
851 909 982 991 impellit
1005 933 1041 973 ac
1056 910 1153 975 ducit.
1188 911 1273 992 Quid
1286 911 1386 997 igitur

68 1003 170 1064 solum
192 1003 340 1086 lugiunt?
375 1003 406 1066 id
439 1003 579 1066 nimirum
608 1003 638 1064 in
671 1024 737 1087 quo
767 1003 838 1066 solo
868 1003 1062 1067 mendacium
1086 1024 1245 1090 errorque
1265 1006 1384 1071 innasci

68 1107 163 1179 atque
191 1096 356 1160 inhaerere
389 1100 490 1171 solet,
529 1098 742 1180 opinationem
772 1109 804 1169 ct
835 1098 1040 1181 praecipitem
1077 1098 1308 1176 assensionem,
1343 1121 1383 1165 ne

67 1204 230 1271 crumpat,
266 1190 434 1265 cohibent,
460 1215 540 1277 quae
563 1192 656 1255 animi
678 1191 903 1273 apparentibus
925 1194 1157 1256 succumbentis
1180 1215 1217 1257 ac
1237 1216 1315 1275 prae
1337 1193 1385 1256 in·

63 1284 217 1349 firmitate
239 1287 376 1351 cedentis
399 1299 465 1364 est,
504 1288 687 1371 nullumque
717 1298 880 1392 praeterea
904 1308 992 1349 ttsum
1014 1297 1167 1370 praestat.
1226 1286 1384 1371 Operatio

66 1379 149 1442 enim
173 1382 296 1461 duobus
321 1381 459 1465 indiget,
485 1381 646 1463 phantasia
679 1380 727 1443 rei
749 1384 952 1458 adunaturam
977 1383 1252 1456 accommodatae,
1291 1394 1322 1444 et
1344 1383 1406 1465 ad.

63 1471 97 1535 id
119 1478 208 1559 quod
223 1478 493 1539 accommodatum
510 1475 657 1557 apparuit
672 1475 896 1556 appetitione,
904 1496 1040 1560 quorum
1057 1486 1202 1540 neutrum
1218 1497 1288 1538 cum
1305 1496 1383 1556 epo-

43 1558 125 1630 'che
156 1582 294 1652 pugnat:
330 1572 369 1631 ab
399 1570 549 1650 opinione
578 1570 679 1645 enirn,
716 1590 780 1633 nou
810 1572 849 1633 ab
878 1569 1073 1657 appetitione
1095 1592 1155 1634 nec
1175 1591 1194 1631 a
1214 1569 1383 1651 phantasia

63 1663 151 1727 ratio
174 1666 253 1727 haec
275 1664 450 1727 deterret.'’
471 1709 475 1717 ‚

150 1759 256 1844 lgitur
284 1781 323 1822 ex
356 1761 544 1824 Academica
574 1762 717 1824 doctrina
746 1784 842 1845 quum
872 1760 932 1822 tria
955 1730 1018 1822 sint
1042 1754 1224 1870 κινήματα,
1260 1758 1293 1822 id
1314 1769 1381 1868 σοι,

63 1865 223 1916 momenta
251 1854 318 1916 sive
351 1856 534 1918 affectiones
564 1857 674 1929 animi,
711 1852 750 1922 τὸ
780 1850 1025 1947 φανταστικόν,
1050 1850 1088 1920 τὸ
1110 1848 1313 1961 ὁρανπικόν,
1343 1847 1383 1917 τὸ

63 1943 370 2030 σννκαταθετικὸν,
398 1951 519 2025 idest,
547 1952 794 2060 phantasticum,
826 1964 977 2034 appetens
999 1961 1033 2013 et
1053 1950 1241 2013 assentiens
1232 1946 1383 2028 ,priori-

62 2041 122 2104 bus
148 2046 268 2108 duabus
291 2045 553 2134 affectionibus'
531 2067 555 2108 n
577 2047 691 2121 etiam,
716 2046 770 2129 qui
792 2048 915 2128 epoche
928 2057 1081 2120 utuntur,
1106 2042 1288 2107 necessario
1312 2063 1381 2102 rno-

63 2147 199 2215 ventur,
234 2152 287 2202 aut
309 2139 385 2203 nihil
407 2153 556 2216 agerent3
593 2140 686 2202 tertia
715 2140 807 2203 nihil
819 2140 880 2204 illis
902 2153 950 2204 est
972 2163 1072 2222 opus,
1108 2159 1168 2201 neo
1189 2158 1224 2199 se
1244 2157 1382 2218 unquam

63 2233 103 2292 ab
126 2234 181 2296 illa
203 2236 323 2299 auferri
344 2237 526 2317 patiuntur,
561 2260 600 2300 ne
621 2238 651 2299 in
675 2239 878 2309 barathrum,
916 2233 1035 2309 idest,
1060 2232 1271 2314 opinationem
1295 2231 1399 2291 dela-r

61 2326 191 2393 bantur.
237 2332 336 2394 Vides
359 2346 459 2395 autem
482 2331 606 2396 interim
637 2352 729 2417 quam
750 2334 831 2395 haec
853 2334 892 2394 ab
916 2331 1023 2396 Stoica
1043 2329 1170 2392 ratione
1192 2324 1378 2394 dissideant,

62 2452 160 2513 quanm
183 2432 228 2496 illi
251 2454 308 2494 nec
330 2433 447 2494 sentire
470 2453 529 2494 uec
552 2443 703 2513 appetere
719 2447 913 2511 ιιιιοιιισιιιιιι
934 2425 1001 2487 sine
1023 2421 1203 2486 assensione
1225 2440 1319 2503 posse
1342 2418 1381 2478 ad

61 2527 165 2591 ravim
189 2531 333 2609 clament.
379 2528 441 2590 Sed
462 2530 500 2590 de
521 2528 583 2590 hoc
606 2526 726 2609 egimtts
749 2524 808 2587 iam
831 2524 902 2605 plus
923 2521 984 2585 bis.

148 2622 224 2687 Atia
246 2628 395 2709 quaedam
412 2627 450 2686 de
472 2625 594 2715 epoche
617 2624 701 2703 apud
723 2620 947 2712 Plutarchum¹
963 2618 1019 2682 illo
1042 2618 1152 2679 eodem
1175 2615 1250 2678 loco
1271 2613 1381 2696 legere

61 2733 176 2802 potes,
214 2720 253 2783 ad
275 2744 410 2799 quorum
433 2722 525 2784 finem
549 2718 637 2802 quasi
660 2715 836 2798 epochen
827 2738 926 2798 ipsam
948 2713 1148 2793 essentem,
1181 2717 1270 2772 certe
1292 2728 1381 2770 com·

62 2819 214 2880 mendans
236 2815 416 2895 subiungit:
441 2812 479 2883 nai
501 2816 616 2900 pralon
641 2800 699 2880 οὖν
730 2808 806 2878 οὐδὲ
831 2805 949 2900 &upa
951 2808 1126 2898 μειρακίων
1153 2798 1307 2918 tapinos
1327 2800 1384 2868 καὶ

61 2909 233 2988 προπετῶν
255 2904 273 2976 ὁ
294 2915 367 2995 περὶ
389 2911 446 2991 τῆς
475 2911 591 2998 ἐποχῆς
619 2903 717 2984 λόγος
748 2908 857 2982 ἐστίν,
891 2902 938 2984 ὡς
967 2908 1072 2972 οἴεται
1103 2896 1278 3013 Κολώτης,
1311 2890 1380 2962 ἀλλ
1429 2964 1435 2975 ,

61 3003 127 3081 effac
152 2998 280 3118 ἀνδρῶν
306 3009 362 3070 καὶ
386 3001 541 3082 διάθεσις
568 2997 785 3124 οινλάττονσα
807 2998 846 3068 τὸ
868 2995 1091 3077 ἆδιαπτωτον,
1115 2991 1236 3085 καὶμὴ
1258 3015 1385 3082 oporte-

61 3100 143 3182 μὲνη
165 3101 238 3176 ταῖς
260 3096 584 3182 διαβεβλημέναις
551 3092 635 3167 oriam
653 3103 708 3164 καὶ
727 3089 968 3173 δυστατούσαις
989 3089 1172 3173 αἰσθήσεσι
1193 3087 1252 3171 τὴν
1268 3090 1384 3175 κρίσιν,

61 3190 94 3253 id
117 3192 184 3268 est,
223 3216 288 3257 non
312 3207 358 3258 est
381 3216 462 3279 ergo
484 3193 591 3258 fabula
614 3194 758 3283 doctrina
781 3195 819 3254 de
841 3192 983 3271 epoche,
1012 3210 1116 3271 neque
1137 3186 1320 3269 procacium
1345 3204 1382 3245 ac

60 3286 303 3355 temerariorum
327 3291 559 3353 adolescentum
584 3290 769 3371 attcttpium,
794 3299 828 3350 ut
849 3285 1021 3348 arbitratur
1035 3283 1190 3356 Colotes3
1213 3283 1269 3345 sed
1291 3278 1382 3342 habi·

60 3391 110 3443 tus
137 3393 169 3444 et
191 3383 317 3446 affectio
340 3384 503 3462 virorum,
529 3407 608 3466 quae
630 3395 824 3447 constantem
848 3379 960 3443 mentis
982 3391 1095 3443 statum
1119 3400 1135 3440 a
1157 3378 1249 3457 lapsu
1267 3373 1383 3437 liberat

60 3486 158 3558 atque
180 3490 368 3553 conservat,
392 3501 494 3563 neque
518 3477 683 3542 diffamatis
705 3480 784 3541 adeo
807 3475 951 3540 sensibus
975 3485 1007 3539 et
1026 3471 1278 3539 inconstantibus
1299 3466 1382 3533 iudi-

61 3566 145 3630 cium
167 3570 333 3648 permittit.

149 3662 280 3742 Qualem
310 3686 389 3728 vero
412 3664 559 3746 corporis
582 3676 704 3744 gestum
728 3675 780 3727 ant
803 3663 957 3728 actionem
980 3663 1103 3746 epoche
1133 3660 1165 3724 in
1188 3658 1291 3723 animo
1313 3656 1382 3720 inti·

59 3767 167 3828 tetur,
191 3758 406 3837 explicaverat
429 3760 547 3825 Cicero
570 3760 676 3841 aliquo
696 3754 953 3821 Academicarum
977 3755 1217 3839 quaestionum,
1242 3752 1296 3835 qui
1317 3770 1382 3814 non

62 3863 194 3927 exstat,
233 3852 341 3927 libro,
378 3854 441 3916 illis
464 3853 572 3916 verbis
596 3874 676 3936 qnae
697 3851 766 3933 ipse
787 3852 819 3915 in
843 3853 974 3936 quadam
999 3854 1037 3912 ad
1060 3848 1203 3913 Atticum
1227 3844 1382 3927 epistola⁸

61 3947 183 4008 refert·
227 3947 319 4018 ,Nec
342 3960 389 4009 est
410 3946 521 4011 melius
545 3947 715 4031 quidquam
738 3968 852 4030 qnam,
885 3954 921 4007 ut
942 3942 1105 4007 Lucilius:
1132 3940 1289 4003 Sustineat
1310 3961 1383 4001 cttr·
1463 3970 1470 3975 ·

60 4059 133 4101 rum
162 4051 197 4101 ut
225 3995 323 4104 bonu’
351 4060 444 4120 saepe
467 4041 625 4119 agitator,
664 4060 896 4146 equosque..
921 4039 1203 4151 ‚Semperquen
1200 4033 1391 4099 Carneades·

60 4126 232 4212 προβολὴν
264 4132 381 4217 pugilis
416 4147 448 4197 et
469 4134 676 4198 retentionem
700 4132 828 4218 aurigae
852 4084 981 4195 similem
1007 4129 1120 4193 facit'
1104 4120 1233 4218 ιποχῇἶ1
1277 4123 1383 4210 signi-

60 4223 180 4286 ficabat
210 4247 290 4309 ergo
320 4247 359 4290 eo
389 4249 423 4290 se
445 4231 550 4292 modo
580 4226 714 4289 animum
743 4225 776 4288 in
804 4226 972 4289 retinendo
995 4243 1123 4288 assensu
1144 4225 1281 4296 babere,
1316 4238 1384 4303 quo

60 4317 172 4400 pugil,
208 4340 304 4425 qutun
327 4341 468 4403 pugnum
499 4321 603 4409 quasi
619 4318 771 4383 feriturus
799 4318 951 4393 intentat,
976 4336 1034 4380 nee
1065 4316 1142 4380 serit
1172 4329 1296 4387 tamen;
1330 4320 1384 4372 aut

62 4432 128 4493 quo
162 4412 291 4498 auriga,
329 4435 425 4500 quum
458 4404 657 4496 erumpentes
687 4435 786 4496 equos
815 4404 956 4476 habenis
977 4410 1093 4476 retinet
1114 4431 1173 4475 nec
1194 4403 1383 4494 praecipites

61 4498 146 4565 ferri
168 4503 255 4566 sinit.
372 4520 378 4549 ¹

148 4596 271 4661 Verum
296 4597 458 4667 enimvero
480 4623 544 4665 non
567 4603 654 4685 quod
675 4598 887 4664 assensionem
908 4600 941 4664 in
965 4602 1129 4677 omnibus,
1164 4594 1297 4684 quaein
1320 4595 1384 4658 dis·

61 4688 258 4768 putationem
286 4692 433 4772 vestiunt,
468 4692 655 4760 Academici
680 4694 900 4774 continerent,
937 4693 1013 4761 idco
1041 4695 1163 4760 desides
1192 4694 1265 4758 illos
1288 4703 1383 4775 atque

61 4863 1385 4895 -—-------..........-.-.................................

139 4976 176 5043 (ι)
196 4975 263 5032 Λᾶν,
285 4975 414 5032 colotem
433 4980 463 5033 c,
483 4980 530 5036 29.
568 4980 605 5047 (²)
626 4979 687 5034 Lth.
709 4986 752 5042 13.
771 4982 823 5055 Ep.
842 4987 889 5042 21·
