3252 5490
129 348 137 357 ’
218 393 280 461 ue
400 448 402 459 a
443 390 507 465 nn
530 386 718 456 rmmns
741 385 978 459 nououuu
999 386 1063 453 nr
1085 358 1334 493 nannenus

216 536 270 603 36.
303 528 411 610 iiam,
456 534 545 619 quod
577 530 638 608 ait,
680 530 825 596 rensibus
869 530 948 615 ipsis
981 528 1133 606 iudicari,
1174 532 1392 613 voluptatem,
1440 533 1554 612 bonum

157 662 160 671 ·
216 654 305 707 esse;
330 631 494 706 dolorem,
520 628 657 691 maium:
678 628 752 710 plns
771 627 884 692 tribuit
901 626 1067 701 sensibus,
1091 646 1186 711 qnam
1205 622 1299 690 nobis
1319 625 1410 711 leges
1426 626 1553 710 permit-

215 738 298 801 uini,
321 722 520 807 privatarum
541 721 643 789 litium
661 743 762 806 quum
779 723 901 789 iudices
920 742 1040 787 sumus.
1085 721 1189 802 (Nihil
1211 719 1295 795 enim
1316 740 1494 804 possumus
1509 719 1553 784 iu·

217 821 364 897 dicare¹,
400 817 460 881 nisi
488 819 576 900 quod
602 826 650 879 est
671 816 775 880 nostri
795 817 919 883 iudicii.
974 818 1012 882 In
1039 838 1106 899 quo
1133 816 1254 881 frustra
1284 815 1403 883 iudices
1431 817 1552 889 solent,
1607 828 1609 869 t

216 936 316 998 quum
330 907 519 975 sententium
533 910 758 992 pronuntiant,
783 914 920 988 addere,
944 935 973 976 st
989 934 1068 988 oven
1084 933 1148 974 urei
1172 932 1292 974 ivonem
1316 933 1388 974 usn.
1424 910 1553 977 sienim

218 1030 284 1073 non
305 1007 367 1071 fuit
385 1027 498 1070 eorum
520 1006 648 1079 iudicii,
673 1005 779 1071 nihilo
797 1007 909 1093 magis,
932 1007 997 1070 hoe
1011 1006 1129 1088 [uon²]
1152 1007 1280 1081 addito,
1304 1006 1385 1069 illud
1402 1018 1456 1069 est
1479 1005 1553 1069 iudi·

217 1105 349 1180 ratum.)
393 1102 478 1182 Quid
492 1103 650 1166 iudicant³
671 1101 808 1166 seusus?
830 1102 936 1168 Dulce
958 1122 1119 1187 amarum
1142 1101 1233 1164 tenet
1257 1122 1430 1183 asperum
1454 1121 1553 1182 prope

144 1226 147 1231 ·
216 1198 335 1280 longe3
358 1207 443 1260 stare
463 1212 616 1270 movere3
638 1199 827 1280 quadratum
845 1197 1030 1257 rotundum.
1075 1195 1130 1258 tit
1149 1195 1274 1276 Quam⁵
1295 1194 1554 1281 igitur-pronun·
1609 1190 1610 1261 Ι

215 1291 308 1356 tiabit
329 1291 515 1353 sententiam
534 1288 644 1355 ratio?
665 1289 819 1365 Adhibita
847 1287 983 1371 primum
1007 1287 1185 1351 divinarum
1207 1289 1486 1378 humanarumque
1507 1309 1554 1350 re·

217 1406 288 1448 rum
309 1374 458 1459 scientia,
484 1404 566 1468 quae
587 1395 697 1465 potest
716 1383 869 1466 appellari
891 1382 952 1446 rite
973 1378 1149 1463 sapientia:
1174 1381 1285 1445 deinde
1308 1383 1470 1447 adirmctis
1490 1374 1554 1448 vir·

141 1522 150 1540 .
218 1478 356 1555 tritibus,
380 1500 461 1564 quas
485 1479 569 1542 ratio
593 1500 699 1541 rerum
722 1477 862 1543 onmium
885 1475 1047 1551 dominas,
1071 1486 1107 1540 tu
1131 1466 1330 1559 voluptatum
1348 1475 1506 1540 satellites
1526 1485 1555 1537 et

219 1571 385 1649 ministras
405 1593 475 1636 esse
500 1572 651 1636 voluisti:
690 1568 844 1657 quarum⁶
865 1574 946 1635 adeo
974 1570 1114 1635 cencium
1136 1571 1291 1634 sententia
1312 1569 1551 1653 pronuntiabit,
1610 1624 1611 1659 ,

217 1665 355 1750 primum
377 1669 416 1729 de
439 1667 627 1748 volupteite,
651 1665 730 1730 nihil
751 1687 821 1729 esse
843 1664 873 1729 ei
898 1666 984 1740 loci,
1008 1685 1072 1728 nou
1098 1667 1196 1729 modo
1217 1676 1254 1729 ut
1274 1667 1344 1729 sola
1364 1677 1512 1749 ponatur
1526 1665 1555 1728 iu
1610 1682 1611 1711 t

219 1759 333 1827 summi
351 1761 539 1837 boni-sede,
566 1782 660 1844 quam
676 1762 878 1846 quaerimus,
902 1762 958 1824 sed
972 1778 1011 1822 ne
1028 1759 1086 1822 illo
1105 1758 1233 1844 quidem
1251 1762 1366 1837 modo,
1394 1772 1430 1822 ut
1446 1762 1486 1824 ad
1500 1761 1565 1854 ¹¹⁰⁰.
1610 1758 1611 1783 l

153 1874 160 1899 ¹
219 1856 375 1921 uestat‘em
388 1850 580 1936 applicetur.
605 1853 656 1919 De
671 1853 828 1919 vacuitate
841 1854 963 1920 doloris
981 1855 1090 1917 eadem
1115 1854 1269 1917 sententie
1285 1855 1367 1916 est⁷.
1392 1854 1450 1918 38.
1472 1852 1554 1918 Reii·

220 1948 321 2011 eietur
344 1947 437 2010 etiam
462 1947 667 2012 Carneades:
698 1969 758 2012 nec
778 1949 861 2012 ιιΙΙίι8
886 1952 925 2011 de
947 1968 1069 2029 stimmo
1089 1949 1177 2013 bono
1194 1947 1279 2010 ratio
1303 1959 1357 2013 aut
1380 1946 1555 2029 voluptatis

196 2036 284 2106 ‘non
316 2042 485 2106 dolendive
506 2042 690 2124 particeps,
724 2055 776 2127 aut
797 2042 974 2121 honestatis
995 2061 1130 2123 expers,
1156 2039 1360 2121 probabitur.
1394 2041 1448 2104 Ita
1464 2041 1556 2104 relin·
1611 2086 1612 2129 3

138 2201 141 2208 ,
221 2148 298 2221 quet
320 2139 416 2211 diras,
441 2135 618 2218 dequibus
642 2136 734 2205 etiam
758 2149 852 2222 atque
875 2137 969 2200 etiarn
991 2136 1200 2201 consideret.
1224 2136 1292 2199 Aut
1315 2130 1398 2198 enim
1417 2146 1551 2206 statuet,

85 2262 88 2269 ¹
187 2268 192 2277 ι
221 2230 299 2294 nihil
322 2232 551 2303 essebonum,
582 2229 642 2292 nisi
665 2232 852 2306 honestum
885 2229 962 2294 nibil
983 2231 1118 2304 malum,
1142 2231 1202 2293 uisi
1223 2241 1336 2312 turpe:
1369 2242 1481 2293 cetera
1505 2238 1554 2293 aut
1610 2288 1611 2291 ,

222 2323 352 2390 otnniuo
365 2324 443 2386 nibil
454 2325 575 2387 habere
592 2325 756 2399 momenti,
773 2337 828 2388 aut
842 2336 973 2400 tanturm,
987 2336 1023 2388 ut
1038 2345 1094 2387 nec
1112 2327 1300 2406 expetenda,
1318 2346 1376 2387 nec
1391 2324 1550 2410 Iurgienda,

11 2416 13 2427 '
52 2408 56 2417 Α
140 2483 143 2487 ,
180 2480 185 2489 ,
222 2420 278 2481 eed
298 2417 442 2500 eligenda
458 2417 658 2494 modo,'aut
679 2418 858 2485 reiicienda
875 2419 956 2482 sint:
981 2431 1035 2482 atrt
1051 2432 1220 2500 anteponet
1235 2423 1323 2494 eim,
1347 2440 1444 2504 quam
1461 2439 1552 2503 quum

192 2508 391 2591 'honestate
418 2511 668 2588 ornatissimam,
698 2525 767 2577 ‘tum
789 2514 883 2577 etiam
904 2514 981 2595 ipsis
1004 2513 1102 2578 initiis
1124 2525 1273 2589 naturae,
1307 2525 1339 2576 et
1360 2512 1462 2576 totius
1484 2532 1553 2594 per·
1612 2554 1613 2579 1

222 2604 363 2671 sectione
385 2604 468 2668 vitae
487 2606 712 2688 locupletatam
733 2607 855 2671 videbit
865 2608 893 2671 ⁹.
938 2594 1035 2689 Quod
1057 2629 1097 2670 eo
1116 2607 1264 2691 liquidius
1286 2607 1404 2683 saciet,
1437 2607 1468 2669 si.
1483 2627 1553 2688 per·
1612 2676 1613 2679 Ἴ

128 2755 133 2763 .
223 2698 389 2785 spexerit,
413 2718 519 2762 rerum
542 2700 625 2763 inter
646 2722 722 2777 eas,
748 2704 964 2767 verborumne
981 2702 1026 2764 sit
1046 2702 1279 2766 controversia.

20 2868 25 2873 ¹
55 2862 58 2875 q
193 2842 200 2853 .
307 2792 411 2857 XIII.
434 2794 493 2857 &sle
515 2794 621 2858 Huius
652 2817 716 2881 ego
745 2817 830 2860 niune
858 2795 1078 2860 anctoritatem
1112 2816 1272 2882 sequeus,
1311 2794 1396 2858 idem
1428 2794 1551 2858 faciam.

70 2894 77 2899 “
158 2920 159 2923 ¹
224 2888 384 2970 Quiantum
408 2887 490 2951 enim
512 2901 647 2971 potero,
673 2889 807 2954 minusm
830 2890 1072 2964 contentionem
1109 2891 1281 2974 uiridesque
1300 2889 1464 2972 simplices
1487 2910 1554 2952 seu·

222 2983 337 3044 tentias
359 3002 490 3057 eorum,
513 2984 545 3046 in
568 2983 683 3068 quibus
705 2985 791 3047 nulla
812 2987 926 3048 inest¹⁰
950 2982 1077 3048 virtutis
1098 2985 1277 3060 adiunctio,
1301 2984 1432 3049 omuino
1453 2983 1552 3065 aphi-

172 3126 184 3154 ,
223 3074 370 3157 Iosophia
409 3080 619 3140 semovendas
663 3081 814 3161 putabo:
860 3074 1019 3161 primumx
1036 3078 1198 3161 Aristippi
1240 3078 1553 3159 Cyrenaicorumque
1613 3120 1614 3131 .

225 3167 384 3254 omnium:
403 3191 484 3252 quos
506 3183 635 3236 nonest
651 3171 799 3247 veritum,
813 3172 845 3236 in
862 3194 898 3236 ea
913 3174 1093 3255 voluptate,
1108 3195 1189 3259 quse
1205 3175 1339 3261 manime
1350 3175 1373 3212 ¹¹
1390 3172 1552 3255 dulcedine

104 3341 109 3348 .
219 3282 351 3327 sensum
378 3276 544 3340 unoveret,
579 3286 733 3329 summum
760 3268 878 3331 bonum
902 3287 1043 3349 ponere,
1077 3278 1313 3345 contemnentes
1336 3266 1427 3329 istam
1449 3264 1553 3327 vaeui·
1613 3344 1614 3347 Ἴ

152 3415 155 3422 .
222 3365 321 3419 tatem
343 3358 480 3422 doloris.
525 3357 571 3422 Hi
592 3381 657 3449 non
680 3359 848 3437 viderunt,
873 3373 916 3423 ut·
929 3362 968 3423 ad
989 3380 1136 3434 curetum,
1162 3381 1297 3446 eqrmm,
1323 3362 1362 3422 ed
1384 3363 1551 3433 arandum,

222 3449 359 3525 bovem,
385 3454 425 3515 ad
446 3451 675 3537 indagandum,
701 3476 829 3528 canem
853 3455 905 3517 sie·
919 3453 1078 3519 hominem
1101 3456 1140 3518 ad
1163 3456 1240 3517 denas
1261 3474 1331 3530 res,
1356 3465 1391 3516 ut
1413 3453 1458 3529 ait
1480 3451 1552 3518 Ari·

223 3544 374 3620 stoteles‚
398 3547 438 3607 ad
459 3545 697 3630 intelligendum
720 3559 752 3610 et
775 3550 813 3610 ad
833 3549 1024 3631 agendmm
1047 3569 1116 3611 esse
1133 3559 1256 3621 uatum,
1280 3547 1373 3631 quasi
1390 3547 1551 3611 mortalem

230 3638 1543 3673 ---·----—-----------—--÷—---

300 3679 337 3752 (Ἰ)
358 3681 405 3734 Sic
426 3680 486 3734 dedi
507 3698 524 3735 c
542 3681 627 3747 (2qu
656 3699 685 3735 ut
705 3683 816 3737 volebat
845 3686 865 3738 Ι.
894 3713 931 3730 ·-
952 3690 1131 3754 perurlttuut.
1158 3685 1342 3737 Privaterum
1364 3687 1458 3736 lilium
1477 3684 1553 3757 quum
1613 3744 1614 3751 χ

215 3753 327 3806 ludices
351 3774 460 3822 sermm,
487 3756 559 3808 nihil
577 3775 725 3829 poesmmes
744 3760 801 3812 iud.
821 3760 854 3813 L.
872 3789 912 3802 -
925 3765 1105 3831 perurittuul.
1138 3760 1323 3813 Privaterum
1343 3762 1442 3826 litium,
1455 3761 1554 3812 ieeele'eee

222 3847 326 3884 eruerer.
354 3831 436 3884 Nihil
452 3838 525 3883 enim
549 3852 579 3904 p.
604 3838 624 3886 ι’.
652 3834 755 3890 Ceteri.
800 3834 837 3910 (2)
864 3837 949 3888 Recte
976 3834 1103 3889 viderunt
1122 3837 1168 3890 Br.
1189 3852 1217 3890 st
1237 3839 1270 3901 l.,
1292 3836 1445 3891 istudnon
1464 3837 1552 3901 lebeti

224 3906 431 3978 interpolatori.
448 3924 544 3981 perum
563 3913 742 3981 perspicienti
762 3908 819 3963 loci
840 3928 973 3976 sensum„
994 3916 1041 3984 qni
1062 3913 1108 3965 hic
1128 3927 1184 3965 est:
1223 3912 1300 3978 „Ubi
1321 3929 1379 3965 rem
1401 3916 1552 3967 accuratim

223 3992 339 4053 spectes,
365 3987 486 4036 invenies
502 3988 642 4054 antiquam
664 3985 741 4038 illam
760 3985 886 4041 iudicum
906 3984 1054 4043 formulam
1072 3991 1097 4038 se·
1115 3987 1182 4058 quid
1199 3993 1254 4038 mei
1271 3988 1368 4038 iudr'cii
1387 3997 1431 4039 est
1447 4001 1552 4062 prorsus
1607 3998 1611 4005 ’

159 4104 161 4111 ,
224 4072 284 4109 esse
310 4074 540 4130 supervacaneam
567 4076 593 4112 et
619 4065 739 4114 inanem.
784 4062 857 4116 Nam
883 4069 907 4124 si
934 4078 978 4116 eet
994 4079 1091 4115 eorum
1111 4062 1222 4129 iudicii,
1253 4048 1337 4119 e't'iam
1358 4063 1412 4116 hoc
1432 4082 1490 4116 non
1510 4062 1553 4113 nd·

76 4135 79 4143 '
224 4129 300 4198 dito,
321 4132 457 4186 iudicium
477 4150 567 4188 retum
588 4141 659 4198 erim
680 4141 723 4190 siu
742 4144 840 4191 eorum
859 4138 959 4191 tudinii
979 4156 1037 4191 non
1057 4154 1099 4191 eet
1113 4139 1230 4204 ,nihilo
1249 4145 1354 4210 magis,
1376 4141 1430 4192 boc
1452 4138 1550 4200 addito,

222 4225 286 4261 vere
307 4208 553 4277 eritiudirstum,
583 4209 631 4264 sed
651 4210 749 4267 indicii
769 4210 838 4269 falsa
864 4219 971 4289 species
998 4212 1148 4267 dumtaxat.
1196 4212 1236 4288 (³)
1255 4216 1298 4267 De
1317 4216 1384 4267 Em.
1404 4213 1435 4271 d.
1456 4216 1501 4268 Br.
1521 4213 1552 4265 G.

223 4288 251 4338 2.
272 4311 309 4327 ·-·
328 4284 405 4355 Quid
421 4285 528 4338 ieediout
546 4288 663 4338 serastes?
691 4288 733 4340 M.
753 4286 787 4340 de
806 4289 835 4342 P.
856 4291 939 4343 Fabri
968 4286 996 4344 Ε.
1017 4290 1049 4341 L.
1067 4316 1104 4330 -
1121 4288 1291 4354 iudicatum,
1316 4290 1392 4360 quod
1409 4290 1515 4343 iredieal
1530 4305 1553 4338 s.

133 4425 136 4433 Ι
224 4355 294 4414 Cdd.
314 4360 344 4413 P.
365 4363 410 4414 Cr.
430 4362 463 4414 V.
486 4372 509 4419 1.
530 4362 581 4433 (-
599 4362 668 4433 quid
685 4363 827 4415 iredieatur
846 4364 992 4421 sensibus?
1013 4365 1048 4419 Ι).
1070 4361 1099 4420 Ε.
1120 4370 1224 4437 recepit
1245 4365 1326 4430 Laii.)
1364 4364 1404 4439 (i)
1421 4381 1460 4421 oo
1479 4367 1552 4416 laeve

223 4434 292 4489 Ern.
317 4453 392 4510 susp.
433 4437 493 4497 rob.
515 4436 550 4491 G.
598 4436 636 4512 (⁵)
657 4466 693 4480 ·-
713 4457 831 4510 nequeam
850 4439 921 4499 CId.
942 4441 1028 4497 Paris.
1049 4444 1123 4494 Crat.
1144 4440 1224 4513 prob.
1242 4442 1281 4496 D.
1332 4439 1371 4511 (Ι)
1396 4457 1435 4495 sto
1461 4441 1554 4492 leuraam

224 4509 257 4565 L.
279 4508 308 4567 Ε.
329 4455 440 4586 (probi.
459 4512 496 4567 D.
515 4506 583 4564 Ern.
604 4515 663 4578 Be.)
711 4510 748 4586 (⁷)
767 4520 880 4568 cuerit
900 4516 933 4569 de
953 4516 1043 4569 Bentl.
1066 4514 1096 4570 Ε.
1117 4517 1185 4586 Ετιι.ι
1205 4525 1230 4577 1.
1251 4520 1297 4571 ur.
1319 4517 1385 4571 seu.
1403 4523 1433 4572 2.
1454 4513 1513 4589 (bio
1530 4532 1552 4566 v.

223 4584 258 4637 de
268 4606 297 4639 v.
311 4587 338 4639 d.
354 4607 378 4641 e.
388 4593 529 4638 sententia
546 4591 603 4638 erit
621 4587 660 4660 []
680 4586 713 4641 de
734 4590 769 4644 G.
791 4590 879 4666 turp.)
898 4593 937 4659 (⁸)
951 4609 965 4644 e
979 4590 1048 4644 Cdd.
1065 4594 1098 4645 D.
1111 4598 1136 4649 l.
1151 4592 1196 4644 Br.
1211 4591 1247 4645 (i.
1260 4599 1287 4647 2.
1300 4593 1398 4643 -illa
1415 4590 1483 4645 edd.
1497 4605 1553 4643 ³⁰1²

223 4660 262 4715 D.
308 4660 344 4736 (⁹)
364 4691 403 4706 -
420 4671 516 4735 antep.
536 4680 614 4729 eam,
645 4682 726 4735 quum
745 4663 812 4727 hou.
832 4699 851 4710 -
869 4699 888 4711 -
908 4668 1078 4739 locupletem.
1111 4667 1195 4739 Quod
1213 4668 1301 4720 Mers.
1322 4668 1496 4738 (locupletem
1514 4683 1555 4727 or-

223 4748 284 4789 tum
313 4753 355 4791 est
382 4756 397 4790 e
422 4739 589 4810 locupletam
612 4737 658 4867 P?
706 4740 757 4808 (¹⁰)
783 4741 832 4805 sie
851 4743 905 4797 (ἓν.
932 4746 964 4796 V.
993 4743 1076 4799 Grut.
1104 4741 1185 4813 Seqq.
1211 4771 1248 4784 ··-
1275 4751 1318 4794 est
1345 4745 1375 4797 P.
1402 4740 1444 4795 Iu.
1467 4743 1507 4796 M.
1525 4738 1554 4791 I..

222 4809 275 4885 (¹¹)
294 4841 332 4853 ·—
350 4817 472 4865 maxime
491 4815 525 4868 P.
549 4813 591 4865 Ex
608 4815 632 4867 Ε
652 4813 678 4870 d.
698 4830 765 4870 vett.
784 4817 852 4872 Ern.
873 4829 899 4878 1.
944 4815 994 4892 (¹2)
1022 4817 1070 4871 Sic
1096 4816 1163 4872 Ern.
1191 4827 1216 4875 1.
1237 4818 1318 4890 Seqq.
1338 4846 1376 4861 ··-
1394 4820 1554 4889 intelligen-

210 4886 289 4943 ‚dum
309 4895 337 4939 et
355 4887 395 4937 ud
411 4904 461 4956 ag.
482 4888 575 4942 Prin.
595 4890 638 4932 -l
653 4891 693 4942 ud
709 4894 798 4963 intell.
817 4903 846 4946 et
863 4912 912 4963 og.
933 4895 968 4946 D.
990 4911 1005 4946 e
1025 4893 1076 4946 cd.
1096 4920 1134 4935 ·—·
1152 4894 1273 4962 intelllg.
1293 4902 1322 4944 et
1340 4910 1389 4963 ug.
1410 4897 1457 4949 Cr.
1472 4899 1500 4945 V.
1515 4888 1553 4945 M.

191 4992 198 5005 =
224 4962 347 5016 L.Grut.
359 4988 398 5002 —
411 4963 588 5033 intelligendi
600 4973 629 5017 et
641 4960 747 5036 agendi
761 4968 833 5035 Gpd.
848 4986 903 5023 tec.
917 4967 967 5042 (-
978 4968 1154 5037 intelligendi
1166 4969 1309 5040 elegendi
1321 4987 1407 5023 coesse
1422 4970 1458 5024 G.
1472 4962 1554 5042 susp.)
