3188 5492
9 378 10 385 ¹
159 412 279 497 “rso
437 428 501 492 oa
524 426 713 494 sturnos
736 427 974 495 oououunr
998 426 1331 492 s'rnmnouost

214 594 256 636 ex
270 573 445 654 rebot·per
464 589 498 632 se
513 566 714 653 investigatis
731 569 771 631 ad
787 589 895 633 rerum
910 572 1111 634 occultarum
1131 567 1348 661 cognitionem
1363 569 1529 637 attulerant.

215 670 269 730 10.
292 668 486 729 Persecutus
502 674 549 727 est
563 660 760 727 Aristoteles
773 663 974 726 animantium
989 663 1128 726 earnium
1148 662 1252 737 ortus)
1276 662 1399 737 victus,
1416 663 1529 747 ligures.

215 760 461 840 Theophrastus
485 769 588 820 autem
611 757 755 838 stirpium
779 769 925 831 naturas,
964 757 1166 842 omniumque
1183 755 1252 819 lere
1270 777 1399 831 rerum,
1432 780 1531 839 quaes

213 867 301 919 terra
327 851 554 935 pignerentur,
589 870 700 912 causas
728 862 823 934 atque
851 851 1003 915 rationes.
1060 850 1132 931 Qua
1153 869 1195 912 ex
1217 849 1405 933 cognitione
1425 849 1532 913 facilior

209 950 299 1013 facta
322 958 370 1009 est
398 942 604 1028 investigatio
626 965 734 1006 rerum
758 944 1064 1007 ocerrltissiruarumt
1103 942 1342 1026 disserendique
1368 946 1420 1006 ab.
1434 945 1531 1006 eisdem

212 1065 279 1107 non
295 1039 458 1104 dialectice
476 1040 598 1111 solum,
623 1037 788 1100 sedetiam
808 1039 951 1102 oratorie
978 1050 1151 1119 praecepta
1164 1049 1247 1100 oum
1261 1039 1398 1101 tradita:
1421 1030 1533 1101 1111111-

213 1137 393 1220 stoteleque
413 1131 557 1216 principe
574 1134 613 1193 de
635 1130 770 1217 singulis
790 1134 888 1194 rebus
908 1131 938 1193 iu
959 1146 1125 1215 utramque
1143 1143 1266 1213 partem
1284 1132 1409 1194 dicendi
1427 1131 1532 1194 exerci-

212 1233 294 1299 tatio
316 1242 364 1294 est
385 1228 544 1300 instituta,
576 1237 698 1290 utnon
722 1224 963 1289 contra'omnia
986 1246 1128 1307 semper,
1153 1223 1235 1287 sictrt
1258 1226 1443 1298 Arcesilas,
1466 1224 1534 1286 dice-

212 1339 282 1401 ret,
318 1336 350 1388 et
370 1335 496 1397 tamen,
531 1320 620 1383 utin
644 1321 791 1384 omuibus
814 1323 931 1394 rebus,
967 1319 1122 1402 quidquid
1150 1341 1190 1381 ex
1217 1333 1352 1402 utraque
1375 1328 1466 1400 parte
1486 1317 1533 1379 diei

213 1432 342 1505 posset,
368 1428 576 1499 expromeret
588 1419 610 1478 ¹.
640 1418 694 1477 11.
719 1416 824 1495 Quum
841 1426 944 1477 autem
957 1414 1049 1476 tertia
1061 1435 1137 1495 pars
1149 1415 1230 1475 bene
1243 1414 1372 1477 vivendi
1383 1423 1534 1494 praecepta

171 1580 176 1587 ,
214 1524 401 1600 quaereret,
427 1510 471 1595 eir,
484 1530 613 1595 quoque
632 1521 679 1570 est
700 1512 739 1572 ab
759 1507 897 1570 eisdem²
916 1531 980 1570 non
1000 1509 1102 1569 solum
1124 1511 1163 1571 ad
1181 1508 1327 1588 privatae
1349 1506 1436 1569 vitae
1453 1506 1533 1568 retio-

213 1610 315 1682 nem³,
341 1609 398 1682 sed
420 1605 522 1667 etiam
538 1606 576 1671 ad
599 1627 704 1667 rerum
729 1603 926 1687 publicarum
950 1602 1124 1666 rectionem
1143 1604 1257 1665 relata.
1313 1601 1463 1664 Omnium
1479 1601 1534 1662 lere

213 1702 377 1766 civitatum
401 1721 463 1761 nou
489 1699 644 1762 Graeciae
666 1700 797 1772 solmn‚·
815 1696 980 1759 sedetiam
1005 1697 1197 1772 Barbariae‚
1224 1698 1265 1758 ab
1287 1697 1467 1759 Aristotele
1479 1717 1533 1756 mo·

213 1816 284 1872 res,
319 1795 479 1866 instituta,
517 1792 717 1874 disciplinas,
759 1816 795 1870 a¹
814 1792 1046 1872 Theophrasto
1078 1791 1167 1874 leges
1196 1790 1288 1852 etlam
1323 1790 1532 1872 cognovimus.

213 1891 387 1973 ertrmque
416 1900 550 1971 uterque
580 1908 691 1949 eorttm
722 1886 899 1961 docuisset,
934 1887 1058 1968 qualem
1091 1886 1123 1949 iu
1158 1908 1193 1948 re
1224 1884 1351 1966 publiea
1375 1885 1532 1965 principem

198 1984 308 2051 *esset
330 1982 534 2056 conveniret,
565 1982 711 2062 pluribus
732 1994 898 2063 praeterea
920 1980 1203 2061 conscripsisset⁵‚
1229 1977 1284 2064 qul
1306 1990 1392 2040 esset
1416 1979 1533 2059 optimus

214 2076 433 2159 reipublicae
455 2086 574 2138 status:
609 2077 672 2138 hoc
695 2076 827 2159 amplius
851 2076 1119 2156 Theophrastus,
1143 2083 1354 2157 quae'essent
1376 2073 1409 2135 in
1431 2095 1466 2135 re
1487 2093 1532 2152 pu·

213 2171 299 2235 blica
320 2170 538 2233 inclinationes
559 2190 666 2231 rerum
683 2181 716 2233 et
738 2180 895 2233 momenta
913 2182 1112 2250 temporum,
1138 2169 1253 2252 quibus
1276 2181 1359 2253 esset
1383 2171 1535 2230 ruodman-

214 2268 306 2339 dum,
332 2272 491 2347 utcunque
506 2286 558 2326 res
572 2265 764 2344 postularet.
796 2265 893 2327 Vitae
909 2275 1010 2326 autem
1024 2262 1209 2347 degendae⁶
1227 2262 1312 2324 ratio
1329 2261 1466 2323 maxime
1480 2258 1534 2341 qui-

214 2363 284 2422 dem
298 2359 360 2423 illis
372 2359 491 2439 placuit
506 2357 630 2442 quieta,
644 2358 677 2420 in
690 2359 957 2442 contemplatione
970 2370 1002 2420 ct
1010 2358 1198 2441 cognitione
1208 2356 1311 2438 posita
1326 2378 1455 2419 rerum:
1471 2370 1533 2436 qtae

214 2454 288 2538 quia
315 2456 445 2516 deorum
472 2465 541 2515 erat
562 2452 646 2515 vitae
665 2452 843 2528 simillima,
868 2448 1011 2533 sapiente
1031 2452 1098 2513 visa
1115 2463 1164 2514 cst
1186 2449 1386 2536 dignissima.
1442 2452 1533 2530 Atque

213 2547 262 2609 his
278 2550 317 2609 dc
336 2549 431 2608 rebus
447 2559 478 2608 et
496 2547 659 2629 splendida
677 2556 725 2609 est
746 2562 879 2621 eorum,
903 2558 934 2607 et
951 2546 1082 2607 illustris
1103 2544 1223 2609 oratio.
1249 2536 1251 2539 ⁸

299 2642 345 2703 V.
370 2642 423 2702 12.
446 2641 498 2705 De
523 2662 647 2704 summo
673 2653 777 2704 antem
807 2643 914 2715 hono,
938 2638 1012 2724 quia
1039 2642 1102 2703 dno
1131 2658 1250 2722 genera
1270 2639 1430 2702 librorum
1458 2643 1532 2708 stent,

213 2756 309 2798 unum
332 2735 534 2819 populariter
552 2734 725 2816 seriptum,
750 2737 837 2817 quod
856 2729 1045 2824 ἐξωτερικόν
1059 2734 1281 2816 appellabant3
1306 2734 1443 2797 alterum
1462 2730 1533 2792 lima·

213 2830 295 2907 tius,
321 2822 407 2913 qnod
418 2831 450 2892 in
462 2828 696 2893 commentariis
709 2829 927 2913 reliqueruntt
950 2850 1015 2891 non
1027 2846 1152 2910 semper
1159 2828 1246 2892 idem
1261 2829 1368 2891 dicere
1380 2827 1532 2894 videntart

138 2940 140 2943 ·
213 2945 273 2986 nee
294 2924 326 2986 in
340 2946 460 2989 summa
487 2934 593 2986 tamen
607 2923 676 3004 ipsa
693 2935 746 2985 aot
765 2922 903 2985 varietas
926 2933 974 2984 est
999 2923 1081 2996 ulla,
1107 2925 1191 3004 apud
1212 2923 1273 2984 hos
1291 2921 1442 3004 quidem,
1466 2936 1533 3002 quos

213 3018 394 3095 nondnav13
429 3030 483 3080 aut
507 3019 589 3079 inter
608 3018 697 3099 ipsos
714 3017 881 3096 dissensio.
938 3015 1000 3078 Sed
1023 3036 1119 3098 quum
1141 3020 1234 3079 beata
1251 3015 1337 3079 vita⁷
1357 3022 1532 3098 quaeratur,

214 3113 308 3196 idque
327 3113 493 3188 sitantum,
519 3114 608 3196 quod
622 3110 827 3194 philosophia
847 3122 993 3192 spectare
1009 3123 1040 3173 et
1059 3110 1149 3192 sequi
1168 3113 1304 3172 debeat:
1328 3106 1417 3171 sitne-
1431 3126 1465 3169 ea
1479 3115 1533 3166 tota

213 3207 334 3270 sita⁸in
351 3218 507 3288 potestate
526 3204 692 3288 sapientis,
717 3227 755 3267 an
771 3204 873 3288 possit
895 3217 947 3267 aut
965 3203 1171 3279 labefactari,
1196 3217 1250 3266 aut
1272 3202 1354 3285 eripi
1377 3205 1473 3264 rebus
1489 3199 1534 3260 ad·

212 3300 327 3376 versis,
352 3300 384 3361 in
400 3322 439 3364 eo
456 3290 680 3383 nonnunquam
691 3300 810 3363 variari
821 3299 904 3361 iuter
919 3320 977 3362 eos
993 3309 1025 3360 et
1037 3299 1176 3360 dubitari
1187 3299 1327 3363 videtur.
1373 3295 1469 3376 Quod
1481 3312 1533 3353 ma·

97 3386 107 3493 '¹
160 3422 168 3445 ο
212 3394 297 3456 xime
319 3394 414 3457 efficit
436 3386 653 3477 Theophrasti
674 3397 712 3456 de
735 3396 826 3456 beata
852 3391 942 3455 vita⁹
960 3391 1061 3466 liber,
1084 3393 1116 3454 lu
1139 3412 1204 3474 quo
1229 3391 1362 3453 mrdtum
1379 3388 1532 3451 admodum

212 3488 363 3553 fortunae
385 3491 490 3551 datur.
538 3488 639 3568 *Quod
658 3487 686 3550 si
706 3487 751 3549 ita
769 3510 804 3550 se
830 3488 964 3561 habeat,
1000 3506 1064 3549 non
1096 3485 1201 3567 possit
1223 3488 1348 3547 beatam
1382 3491 1532 3567 praestare

214 3582 309 3646 vitam
318 3583 345 3622 ‘¹⁰
367 3581 533 3664 sapientia.
579 3583 668 3644 Haec
689 3582 765 3645 mihi
781 3581 907 3644 videtur
928 3568 1233 3655 delicatiorsut'ita
1256 3577 1378 3652 dicam,
1402 3573 1532 3639 mollior-

126 3688 127 3693 ’
215 3698 284 3761 que,
299 3676 439 3752 ratiost,
475 3696 567 3762 quam
591 3676 715 3739 virtutis
738 3675 785 3738 ris
809 3673 1013 3759 gravitasque
1038 3675 1192 3755 postulat.
1253 3672 1363 3754 Quare
1385 3682 1531 3733 teneamus

214 3770 423 3835 Aristotelem
445 3771 562 3834 eteius
583 3771 684 3833 filium
707 3771 960 3849 Nicomaehunr;
983 3767 1071 3830 cuim
1090 3779 1237 3831 accurate
1255 3765 1367 3847 scripti
1390 3768 1428 3827 de
1448 3757 1531 3825 mori·

95 3854 109 3941 J
136 3908 139 3915 «
215 3866 275 3928 bus
294 3865 384 3941 libri,
409 3865 622 3949 dicunturilli
641 3865 764 3948 quidem
785 3886 854 3929 esse
872 3862 1076 3927 Aristotelist
1100 3865 1156 3925 sed
1175 3883 1241 3925 non
1259 3860 1372 3934 video,
1398 3880 1455 3920 eur
1477 3872 1530 3916 non

214 3959 359 4040 potuerit
390 3959 509 4039 patri¹²
539 3958 648 4025 similis
680 3979 748 4021 esse
777 3960 874 4020 lilius.
912 3958 1172 4038 Theophrastum
1202 3965 1307 4016 tamen
1322 3991 1325 3997 ,
1342 3954 1530 4016 adhibeamus

216 4053 255 4114 ad
277 4052 449 4134 pleraque,
474 4055 644 4115 dummodo
667 4053 739 4135 plus
762 4052 791 4114 in
814 4052 933 4114 virtute
955 4062 1135 4125 teneamus,
1160 4070 1256 4135 quam
1277 4047 1331 4109 ille
1352 4045 1463 4117 tenuit,
1484 4040 1529 4102 fir·

214 4145 332 4211 unitatis
354 4157 386 4208 et
407 4145 550 4209 roboris.
596 4147 648 4208 13.
673 4144 777 4208 Simus
799 4144 898 4229 igitur
919 4144 1059 4208 contenti
1082 4145 1144 4206 his.
1190 4142 1338 4227 Namque
1354 4141 1530 4216 horumpo·

215 4240 313 4314 steri,
344 4240 492 4303 meliores
513 4239 560 4302 illi
581 4241 727 4322 quidem,
767 4262 837 4302 mea·
857 4239 1029 4314 sententia,
1068 4260 1161 4322 quam
1184 4236 1377 4322 reliquarum
1400 4233 1529 4316 philoso-

161 4388 163 4392 Α
190 4358 194 4375 ·
214 4332 273 4417 phi
294 4333 549 4416 disciplinarum:
573 4335 694 4398 sedita
716 4338 911 4420 degenerant
919 4335 958 4409 ¹³,
982 4344 1017 4395 ut
1037 4333 1099 4414 ipsi
1120 4352 1161 4394 ex
1183 4353 1218 4394 se
1240 4332 1303 4393 nati
1326 4350 1394 4392 esse
1417 4327 1528 4391 videan-

216 4436 502 4452 Μ*-
850 4432 1196 4449 «monam-*m
1204 4419 1526 4445 Μ

150 4504 153 4511 ,
271 4470 310 4541 (¹)
322 4498 361 4512 —
373 4460 543 4541 reprimeret
553 4471 584 4523 P.
597 4472 642 4523 Cr.
655 4471 687 4523 V.
708 4470 746 4537 (²)
759 4489 774 4523 e
786 4468 856 4524 Cdd.
868 4468 903 4523 G.
918 4491 955 4526 -.:
967 4467 1064 4520 iisdem
1073 4468 1177 4522 Ceteri.
1193 4467 1265 4519 Item
1274 4481 1366 4538 supra.
1387 4462 1423 4533 (³)
1434 4490 1471 4503 -·
1481 4472 1529 4513 om·

138 4566 143 4573 ·
212 4552 355 4612 rationem
381 4543 453 4598 (iud.
480 4551 562 4618 prim.
615 4542 654 4618 (4)
683 4545 795 4599 SieCr.
815 4547 856 4599 M.
878 4544 958 4616 Seqq.
977 4573 1017 4587 -
1035 4561 1091 4595 orn.
1111 4560 1169 4595 esse
1190 4541 1259 4595 Cdd.
1281 4541 1379 4614 pleriq.
1398 4540 1428 4591 P.
1450 4541 1485 4587 lu.
1501 4531 1527 4584 V·

213 4621 252 4687 (⁵)
273 4623 320 4675 Sic
340 4622 413 4693 Spir.
433 4620 490 4674 Erl.
510 4619 589 4692 prob.
610 4621 645 4674 G.
666 4621 921 4675 Praetulimuime
942 4618 1053 4692 propter
1073 4624 1196 4690 positum
1216 4638 1242 4671 v.
1262 4626 1384 4687 uterque.
1400 4641 1436 4656 -
1450 4624 1527 4682 prat-
1583 4661 1584 4666 ,

1497 4696 1526 4713 d

1497 4718 1527 4733 fl

213 4706 293 4749 terea
317 4715 399 4767 queem
424 4702 582 4767 scripsisset
607 4701 707 4750 Ceteri.
752 4696 789 4763 (ὅ)
814 4725 853 4739 -
876 4696 1022 4764 eligendae
1049 4694 1148 4766 Margo
1175 4693 1250 4746 Crat.
1276 4691 1356 4765 prob.
1375 4688 1410 4742 G.
1447 4683 1481 4829 ((7)

211 4776 277 4823 vita
296 4772 379 4823 beata
398 4774 430 4825 V.
451 4770 488 4846 (⁸)
508 4800 542 4814 -
561 4790 616 4824 om.
635 4778 693 4827 sito
713 4771 786 4826 Gud.
806 4788 877 4835 see..
899 4789 929 4824 ut
949 4770 1019 4823 solet
1040 4775 1062 4822 is
1084 4787 1187 4827 temere
1202 4785 1280 4822 voce.
1294 4768 1429 4823 omittere.
1466 4763 1487 4824 ³)

195 4852 277 4898 wita
290 4847 374 4898 beata
391 4849 426 4902 G.
441 4852 536 4900 tacite.
556 4847 607 4922 (¹⁰)
620 4870 657 4904 =
668 4854 759 4901 vitam
768 4856 877 4919 praest.
893 4848 924 4900 L.
944 4848 993 4913 (Π)
1007 4875 1045 4887 -
1055 4851 1149 4898 oratio
1170 4849 1198 4898 1.
1221 4846 1272 4910 (¹²)
1291 4859 1328 4896 m
1338 4844 1431 4913 patris
1444 4842 1484 4899 l..,
1501 4844 1524 4882 ut

213 4921 323 4973 volebat
344 4924 479 4976 Bromius.
510 4920 567 4975 Ch.
593 4939 684 4977 tranen
705 4923 833 4977 Ochsuer
860 4923 958 4991 Eclog.
979 4923 1034 4975 Cic.
1061 4941 1089 4994 p.
1111 4923 1175 4978 197.
1211 4917 1261 4992 (¹³)
1281 4937 1317 4973 ee.
1336 4911 1525 4986 degenerarunt

213 4997 262 5065 L.,
284 5014 314 5049 ut
335 4996 443 5051 volebat
463 4998 529 5049 Ero.
