3252 5490
906 189 943 231 N
997 236 1007 271 Ι

411 367 418 372 ’
527 368 1036 517 1111111111
1307 418 1396 490 'sos
1486 500 1496 509 ⁸

70 561 156 627 ltem¹
178 562 260 638 dno,
294 545 506 634 necessarias,
542 540 663 627 et'nori,
683 558 903 625 necessariasz
936 561 1083 627 coniecta
1108 584 1162 627 res
1186 576 1294 630 esset.
1334 565 1399 649 Qui
1456 598 1461 602 ·
1558 608 1563 619 =

27 656 32 661 ’
70 661 142 722 haee
161 655 459 739 didicertint„quse
480 654 536 718 ilie
558 656 751 729 contemnit,
776 655 822 719 sio
844 656 983 720 solent2.
1007 657 1171 723 Vitiosum
1198 671 1245 757 eqt
1261 657 1344 722 euim
1358 659 1397 723 ,iu

71 752 248 827 deiciendo,
272 760 395 831 partem
417 748 450 815 iu
472 768 591 833 genere
613 771 805 814 numerare.
828 750 881 813 Pi.
906 746 971 816 Sed
991 752 1056 816 hoo
1071 774 1147 823 saue
1162 757 1396 818 concedamuss
1446 804 1453 823 ,
1502 804 1506 815 .

71 844 232 911 contemnit
254 843 359 931 enim³
381 842 556 907 disserendi
577 844 784 928 elegantiam
798 845 941 919 confuse
963 846 1118 932 loquitur.
1164 848 1332 911 Gerendus
1347 837 1397 913 est

70 961 150 1013 mos,
164 939 276 1027 'modo‘
291 947 380 1000 reete
400 937 527 1000 sentiat.
579 926 760 1021 Equdlem‘*
781 939 861 1002 illud
881 939 1003 1021 ipsum⁵
1027 962 1092 1003 uon
1114 939 1243 1005 nimium
1266 944 1396 1025 probo,

70 1046 99 1098 et
117 1032 254 1096 turtum⁶
271 1030 404 1114 patior,
439 1031 668 1114 philosophum
697 1030 787 1118 loqui
818 1035 857 1106 de
887 1031 1115 1114 cupiditatibus
1137 1033 1296 1099 finiendis.
1340 1037 1397 1098 An

19 1190 25 1199 ,
69 1137 169 1210 potest
189 1123 347 1208 cupiditas
366 1124 473 1187 liniri?
496 1126 657 1191 Tollenda
671 1138 721 1208 est
735 1139 832 1211 atque
846 1128 1043 1203 extrahenda
1057 1127 1221 1192 radicitus.
1248 1127 1328 1211 Quis
1347 1118 1397 1192 est

71 1219 162 1294 enim,
186 1217 217 1282 iu
234 1241 301 1303 quo
316 1219 359 1283 sit
374 1219 529 1301 cupiditas
539 1221 571 1295 ⁷,
597 1219 672 1305 quin
688 1231 777 1283 recte
793 1221 926 1304 cupidus
938 1220 1001 1285 dici
1015 1219 1143 1311 possit?
1165 1224 1260 1308 Ergo
1276 1214 1403 1287 stava?

19 1388 23 1399 y
43 1340 45 1344 ·
70 1336 118 1378 rus
132 1312 209 1390 erit,
224 1316 280 1377 sed
291 1311 397 1376 finite:
419 1324 451 1377 st
466 1306 590 1377 adulter
604 1335 714 1376 verum
726 1314 858 1378 babebit
873 1317 1022 1387 modium:
1038 1326 1070 1377 et
1083 1315 1271 1383 lturtriosus
1282 1319 1398 1383 eodem

46 1424 50 1433 '
71 1411 170 1493 modo.
201 1407 313 1489 Qualis
328 1407 390 1470 ista
402 1407 611 1489 philosophia
627 1419 687 1483 est,
712 1430 794 1492 quae
809 1430 874 1475 uon
888 1409 1055 1494 interittuu
1066 1411 1180 1475 afferat
1194 1410 1361 1492 pravitatis
1369 1411 1394 1486 ³,
1433 1428 1437 1436 ·

71 1505 119 1567 sed
139 1502 178 1567 sit
199 1512 352 1566 contenta
373 1501 594 1567 mediocritate
616 1501 794 1566 vitiorum?
818 1503 1018 1585 Quamquam
1032 1503 1065 1564 in
1079 1505 1140 1567 hac
1155 1494 1312 1569 diuisione
1327 1524 1403 1573 rem,

71 1597 161 1679 ipsam
181 1616 319 1678 prorsus
340 1599 469 1679 probo:
493 1595 681 1682 elegantiam
696 1597 859 1661 desidero.
901 1597 1054 1678 Appellat
1075 1597 1399 1679 11111111111111111111·1
1415 1634 1422 1655 .

71 1701 171 1754 turae:
194 1688 380 1771 cupiditatis
402 1711 518 1755 nomeu
540 1703 652 1755 servet
666 1693 749 1769 alio,
774 1691 925 1766 uteam9,
950 1713 1046 1773 quum
1062 1694 1102 1755 de
1118 1688 1273 1767 avaritia,
1298 1713 1398 1776 quum
1589 1758 1607 1779 A,

73 1788 106 1849 de
124 1783 385 1867 intemperantia,
419 1791 518 1868 quum
540 1787 579 1848 de
594 1784 739 1850 maximis
761 1784 846 1850 vitiis
869 1787 1040 1870 loquetur,
1065 1796 1226 1871 tamquam
1234 1787 1261 1826 ¹⁰
1274 1776 1397 1869 'capitis
1498 1796 1502 1800 “
1606 1772 1607 1809 ³

74 1890 199 1946 accuset.
243 1879 300 1969 28.
326 1881 391 1943 Sed
411 1880 491 1944 haee
513 1879 640 1963 quidem
661 1879 792 1944 liberius
815 1881 855 1943 ab
870 1901 910 1945 eo
926 1881 1079 1944 dicuntur·
1089 1893 1120 1943 et
1134 1878 1271 1962 saepius.
1296 1880 1396 1961 Quod
1465 1931 1473 1951 .

74 1967 208 2055 equidem
232 1993 297 2035 non
320 1973 542 2054 reprehendo:
567 1985 617 2036 est
638 1974 720 2037 enim
742 1972 821 2036 tanti
842 1973 1030 2057 philosophi
1051 1986 1178 2061 tamque
1200 1973 1316 2039 nobilis
1339 1993 1396 2036 au·
1434 2038 1438 2039 γ

22 2128 24 2133 .
74 2069 170 2130 dacter
192 2088 248 2129 sua
271 2068 400 2129 decreta
422 2067 611 2131 defenderet
634 2070 690 2130 sed
712 2080 816 2131 tamen
839 2065 963 2144 exeo,
989 2071 1077 2152 quod
1098 2090 1167 2137 eam
1182 2068 1394 2150 voluptatem,

74 2182 157 2245 quam
179 2182 289 2228 omues
314 2172 424 2246 gentes
445 2156 510 2226 boc
531 2161 658 2226 nomine
681 2164 864 2245 appellant,
889 2163 1016 2225 videtur
1038 2163 1213 2246 amplexari
1229 2182 1323 2244 saepe
1339 2181 1397 2231 ve·
1504 2234 1509 2239 ,
1606 2170 1607 2211 ³

72 2254 256 2332 hementius,
276 2256 328 2331 ,in
350 2255 473 2341 maguis
495 2254 654 2320 interdum
677 2268 824 2321 versatur
846 2255 1020 2342 angustiis,
1053 2269 1107 2334 ut,
1131 2259 1293 2322 homiuum
1316 2276 1420 2345 con-l

19 2352 20 2361 ’
73 2349 194 2413 scientia
214 2362 359 2429 remota,
385 2351 465 2413 nibil
486 2362 550 2413 tam
571 2363 667 2433 turpe
689 2352 747 2426 sit,
771 2354 860 2436 quod
881 2352 1059 2432 voluptatis
1082 2374 1263 2417 causanou
1285 2350 1396 2427 videa-¹
1530 2426 1533 2439 Ι

41 2492 47 2501 ,
73 2454 119 2506 tur
139 2465 205 2508 esse
228 2446 389 2513 facturus.
434 2446 577 2523 Deinde,
601 2447 658 2511 ubi
680 2447 825 2522 erubuit,
850 2445 913 2526 (vis
936 2447 1018 2511 euim
1041 2458 1089 2511 est
1110 2450 1287 2530 permagna
1303 2455 1398 2508 natu·
1477 2484 1480 2489 ,

71 2541 145 2618 rau)
166 2530 315 2626 coniugii
336 2541 431 2618 illuc,
464 2553 499 2603 ut
520 2554 618 2626 neget
647 2544 799 2605 accedere
821 2541 994 2627 quidquam
1016 2562 1112 2623 posse
1134 2543 1174 2603 ad
1197 2542 1398 2623 voluptatem
1430 2538 1436 2569 ‘¹

19 2628 21 2643 ”
74 2631 142 2695 nihil
163 2634 314 2699 dolentis.
358 2636 406 2700 At
427 2635 489 2700 iste
512 2658 575 2701 non
598 2636 727 2701 dolendi
748 2647 848 2699 status
870 2656 935 2699 uon
959 2648 1096 2699 vocatur
1118 2637 1280 2720 voluptas.
1319 2636 1397 2697 Nou
1470 2686 1472 2701 .

43 2748 45 2755 ’
74 2723 192 2805 laboro,
216 2728 335 2815 inquit,
361 2732 398 2795 de
420 2730 560 2795 nomine.
581 2761 624 2774 -
642 2730 747 2813 Quid,
772 2731 859 2814 quod
879 2750 933 2792 res
950 2730 1015 2792 'alia
1037 2740 1107 2793 tota
1129 2728 1203 2801 est?
1224 2759 1267 2771 -
1287 2728 1398 2808 Repe·

75 2819 145 2884 riam
158 2823 294 2900 multos,
319 2825 374 2888 vel
388 2823 631 2889 innumerabiles
645 2824 775 2907 potius,
799 2845 864 2888 non
879 2835 942 2887 tam
958 2824 1120 2900 curiosos,
1140 2846 1202 2887 *nse
1217 2835 1280 2889 tam
1296 2821 1466 2981 mole-ll

76 2923 149 2991 stes,
185 2939 281 3000 quam
304 2939 364 2983 uos
387 2919 482 2983 estis:
507 2917 645 3003 quibus,
678 2918 833 3004 quidquid
855 2919 971 2995 velim,
995 2919 1089 2982 facile
1103 2921 1332 3001 persuadeam.
1355 2946 1399 2993 ’7

77 3005 154 3086 Quid
173 3031 255 3095 ergo
280 3012 479 3087 dubitamus,
504 3012 599 3096 quin,
622 3013 727 3077 sinon
743 3012 853 3077 dolere
867 3015 1016 3096 voluptas
1032 3015 1073 3077 sit
1087 3032 1225 3089 summa,
1249 3021 1398 3102 noneste

76 3097 103 3162 in
129 3106 295 3188 voluptate
325 3110 421 3171 dolor
449 3105 492 3170 sit
518 3106 699 3181 maximus?
735 3127 794 3169 cur
822 3107 856 3170 id
885 3105 1268 3187 110111111111-01111
1293 3104 1401 3168 dolori
1428 3117 1438 3133 ⁹

19 3266 21 3271 ,
77 3217 132 3260 nou
153 3203 302 3283 voluptas
325 3199 489 3263 contraria
512 3211 578 3276 est,
602 3204 662 3263 sed
682 3201 805 3265 doloris
826 3202 981 3283 privatio.
1005 3238 1046 3250 -
1333 3190 1338 3203 ’
1445 3198 1452 3213 “
1481 3264 1485 3285 -.

20 3356 21 3363 ,
76 3313 78 3319 ’
150 3296 195 3357 X.
220 3296 275 3359 29.
295 3296 376 3359 Hoc
398 3314 478 3357 vero
502 3316 566 3359 uon
587 3294 733 3358 ridere¹1
756 3296 895 3389 maximo
918 3309 1106 3382 argumento
1129 3314 1222 3374 esse,
1246 3296 1399 3376 volupta·
1482 3294 1488 3317 “
1563 3286 1569 3293 “

77 3397 132 3450 tem
152 3389 256 3466 illam,
283 3410 346 3473 qua
367 3389 513 3465 sublata,
545 3400 642 3474 neget
663 3411 698 3452 se
719 3389 900 3474 intelligere
923 3391 1072 3469 omnino,
1097 3391 1175 3475 quid
1195 3390 1236 3454 sit
1256 3392 1397 3465 bonum,

19 3502 20 3509 ¹
77 3482 148 3561 (eam
183 3495 290 3549 autem
318 3481 362 3545 ita
395 3481 620 3569 persequitur,
656 3505 738 3567 quae
760 3485 869 3566 palato
887 3484 1109 3567 percipietur,
1140 3505 1221 3568 quae
1245 3482 1397 3547 auribus:
1422 3502 1425 3505 ·

76 3583 173 3637 cetera
188 3577 286 3652 addit,
312 3598 393 3662 quac
407 3577 433 3641 si
445 3577 599 3659 appelles,
622 3578 726 3641 honos
738 3578 928 3659 praefandus
948 3580 988 3643 sit
999 3581 1023 3659 1)
1036 3611 1078 3629 -
1097 3580 1162 3643 hoo
1175 3578 1287 3664 igitur,
1312 3577 1401 3661 quod
1453 3630 1455 3633 ,

19 3738 20 3751 2
78 3667 171 3730 solum
192 3672 313 3734 honum
335 3693 468 3734 severus
491 3684 523 3733 et
547 3671 657 3755 gravis
678 3672 892 3754 philosophus
915 3674 1024 3749 novit,
1058 3674 1141 3737 idem
1164 3696 1228 3738 nou
1250 3673 1398 3737 videtne
1432 3733 1435 3737 ,

79 3766 280 3842 expetendum
303 3766 429 3850 quidem
451 3785 540 3840 esse,
564 3768 653 3849 quod
675 3787 741 3828 eaur
766 3767 963 3849 voluptatem
985 3771 1051 3832 hoc
1065 3771 1176 3832 eodem
1189 3779 1398 3833 auctoreuou

81 3852 303 3933 desideremus,
338 3881 437 3945 quum
469 3858 595 3947 dolopc'
612 3882 788 3924 careamus.
849 3862 989 3944 Quam¹²
1016 3864 1096 3927 haec
1121 3874 1194 3926 erint
1216 3859 1411 3938 contraria!¹¹

81 3943 128 4008 30.
140 3949 202 4012 Hic
215 3950 241 4013 si
253 3952 398 4028 definire,
413 3951 440 4015 si
448 3954 475 3993 ¹³
491 3951 828 4030 dividere⁴didicisset3
841 3956 868 4019 si
880 3956 1034 4040 loquendi
1049 3956 1123 4031 vim,
1137 3956 1164 4020 si
1177 3955 1402 4038 deniquecon·

83 4044 270 4126 suetudinem,
281 4048 454 4127 verborum
466 4059 608 4111 teneret:
626 4048 785 4133 nunquam
797 4048 830 4111 in
842 4061 944 4113 tantas
956 4051 1097 4113 salebras
1108 4051 1280 4114 incidisset.
1304 4042 1400 4114 Nunc

85 4162 180 4185 ..u-

1448 3744 1497 3789 Ι

149 4236 186 4303 (1)
202 4265 241 4282 ·-
269 4256 326 4292 om.
345 4244 413 4291 mem
432 4237 501 4294 Gdd.
522 4241 587 4314 aliq.
608 4269 642 4286 -
662 4259 718 4297 om.
738 4262 842 4316 quoque
860 4241 930 4297 it‘sm
950 4243 1021 4301 Cdd.
1040 4245 1106 4317 aliq.
1157 4246 1195 4320 (2)
1215 4240 1402 4304 Accesserant
1492 4252 1495 4265 ¹

82 4302 143 4360 haec
169 4317 214 4380 qui
232 4345 251 4357 -
269 4346 289 4358 -
306 4316 399 4380 solent
427 4333 441 4368 e
470 4314 540 4372 Cdd.
567 4318 658 4392 Mes-g.
679 4319 726 4375 Cr.
746 4324 775 4375 in
794 4318 846 4375 ed.
867 4321 949 4377 Grut.
970 4320 1051 4394 Seqq.
1071 4312 1110 4364 ¹-
1129 4339 1185 4377 om.
1206 4325 1316 4377 Priores
1336 4339 1402 4381 oum
1431 4332 1440 4355 ⁸

84 4377 144 4437 Cdd.
163 4386 244 4461 Regg.
292 4390 329 4457 (³)
348 4406 387 4443 oo
406 4408 463 4444 om.
483 4398 556 4444 enim
575 4393 728 4469 Erltflpir.
765 4393 805 4522 Sl)
819 4415 840 4455 ‚s
861 4395 932 4461 Cdd.
952 4397 988 4452 G·
1007 4404 1035 4453 2.
1054 4426 1093 4439 ·-
1111 4396 1150 4450 Et
1168 4398 1278 4470 qreidem
1298 4389 1415 4457 Ceteri,
1483 4445 1490 4472 Ι

84 4453 116 4522 (⁵)
127 4488 165 4503 -.
175 4478 229 4519 om.
242 4469 333 4536 ipsum
346 4464 416 4520 Cdd.
430 4466 495 4539 aliq.
508 4468 541 4522 P.
553 4469 589 4520 D.
627 4468 666 4540 (⁶)
687 4489 702 4523 s
722 4468 763 4524 ed
784 4509 791 4523 .
812 4470 903 4527 Grau·
912 4468 997 4544 'Soqq
1014 4499 1054 4521 -ι
1071 4481 1165 4524 tamen
1177 4476 1298 4528 Priores.
1318 4502 1357 4516 -
1375 4482 1404 4526 et

25 4600 27 4603 Ι
83 4531 125 4585 Bt.
142 4535 185 4608 [].
233 4537 270 4613 (⁷)
287 4563 328 4601 ιτ,
344 4559 404 4614 orep.
424 4547 463 4605 sit
483 4545 514 4597 V.
552 4541 590 4618 (³)
611 4575 650 4589 -·-
665 4551 811 4617 pravitati
828 4550 862 4600 V.
877 4548 915 4601 D.
954 4547 992 4622 (⁹)
1012 4567 1026 4603 e
1047 4542 1116 4619 Celd'.
1137 4549 1173 4603 G.
1194 4556 1219 4605 2.
1241 4579 1277 4592 -
1296 4566 1353 4603 om.
1373 4549 1403 4603 h.
1459 4556 1465 4565 '

84 4602 173 4673 team
191 4611 294 4670 cetera.
332 4616 383 4691 (ιο)
397 4647 441 4669 ,-
459 4629 521 4675 eam
539 4629 624 4691 tam,
644 4623 676 4675 n.
695 4624 728 4675 v.
749 4621 791 4674 11.
811 4623 843 4675 1.
864 4631 892 4681 a.
912 4625 957 4676 nr.
978 4642 1067 4674 ...1
1085 4633 1170 4696 aeq.
1191 4623 1242 4680 ca.
1261 4624 1403 4680 namnam
1428 4676 1431 4683 ,

86 4678 116 4734 1).
160 4686 209 4754 (11)
238 4690 286 4744 Sic
314 4693 347 4746 V.
367 4699 436 4761 (nisi
462 4692 535 4766 quod
554 4711 619 4748 cum
638 4695 707 4750 Edd.
730 4710 793 4751 ante
814 4698 896 4755 Grut.
917 4715 1026 4771 praeter
1045 4700 1077 4752 L.
1098 4698 1204 4759 haben,
1224 4701 1281 4754 vol.
1301 4698 1403 4774 illam.)

87 4755 117 4847 DJ
141 4759 205 4816 Ern.
233 4774 257 4823 1.
286 4767 348 4836 (hie
378 4786 443 4824 enm
462 4771 622 4844 coruptelte
642 4770 735 4846 signo)
758 4774 797 4836 G,
814 4778 848 4831 2.
880 4774 949 4828 Vide
971 4774 1007 4829 G.
1026 4776 1212 4829 etaMstthiee
1232 4797 1260 4850 p.
1282 4778 1346 4835 1'24.
1366 4800 1405 4821 -⁴·

86 4831 157 4884 videt
171 4836 217 4894 Bt.
236 4840 265 4901 l.
283 4872 323 4888 --
340 4862 397 4905 om.
417 4865 479 4898 esse<
494 4847 525 4900 P.
546 4847 587 4900 Μ.
607 4876 645 4909 ··.·
663 4853 788 4900 maximo
807 4857 850 4900 est
868 4859 1052 4919 sagramento,
1083 4852 1190 4906 mattam
1210 4868 1268 4903 esse
1295 4853 1352 4919 vol.
1373 4851 1404 4904 L.

88 4901 114 4960 1·
147 4912 194 4980 (11)
214 4934 228 4969 e
248 4911 373 4976 CdeD.
388 4921 474 4994 seqq.
494 4942 533 4964 -ὲ-
552 4941 714 4994 quamquam
734 4927 855 4979 Priores.
895 4925 946 5001 (¹³)
967 4924 1072 4983 cedd.
1092 4942 1122 4981 et
1142 4928 1236 4983 Nonio
1256 4932 1287 4983 111
1305 4951 1331 4986 v.
1350 4948 1406 4983 sa-

88 4979 169 5037 lebrae
187 4989 222 5047 G.
241 5000 266 5052 2.
286 5024 324 5040 ··-
342 4997 392 5048 vel
409 4998 439 5074 Ρ.
458 4997 502 5059 Μ.
521 5000 558 5057 D·
579 5005 605 5057 1.
624 4998 673 5053 Bt.
693 5026 727 5063 -y
746 5008 775 5054 st
794 5000 827 5054 V.
847 5001 880 5057 L.
1403 4996 1408 5013 ⁸
