3188 5492
1046 70 1070 337 ι

232 403 325 469 ιιι
561 498 564 505 1
652 404 852 470 ananau
880 404 1143 471 uneusmm

205 542 209 591 ·'
232 548 384 611 audacter
404 528 564 609 affirmare
586 546 691 611 adbuc
711 546 858 622 valeant,
882 568 924 610 ue
943 564 1028 610 nunc
1049 545 1178 631 quidem
1198 547 1256 610 ulli
1274 546 1321 611 rei
1338 522 1537 612 assentiendum

232 660 315 704 esse.
375 641 478 703 Forte
506 638 588 709 enim
611 640 781 725 aliquando
802 653 915 707 eontra
937 642 1001 705 boc
1023 660 1153 725 quoque
1176 640 1319 724 nonnihil
1344 640 1436 704 vela
1456 662 1486 704 se
1503 645 1538 706 ιιι

138 742 141 753 *
231 732 589 819 aquopiamreperiri
603 756 723 817 posse,
758 738 845 819 quod
868 747 958 799 acute
981 735 1258 820 probabiliterque
1280 734 1430 799 dicatura
1462 759 1567 799 stiam.

231 850 294 913 que
322 827 488 913 imaginem
519 840 550 895 et
579 829 669 912 quasi
702 832 865 911 sprceulum
888 833 1047 915 quoddam
1071 830 1102 893 in
1124 830 1248 895 Proteo
1278 827 1335 894 illo
1361 828 1540 893 aniuiadterti

231 933 411 1005 oportere,
446 926 502 1006 qui
535 924 671 986 traditur
693 945 733 1011 eo
756 924 861 987 solere
884 925 954 1005 capi
976 947 1041 1008 quo
1065 923 1190 987 rurinime
1212 920 1402 1003 caperetrir,
1436 922 1540 985 investi·

202 1030 425 1102 ¹gatoresque
454 1019 520 1081 eiius
549 1039 707 1101 nunquam
746 1021 879 1083 csrndem
916 1020 1074 1096 tenuisse,
1112 1017 1172 1095 pisi
1207 1017 1310 1079 indice
1349 1015 1540 1079 alicuiusmudi

229 1111 370 1181 nurnine.
429 1111 572 1192 Quodsi
595 1112 710 1188 adsit,
730 1123 762 1176 et
784 1113 868 1177 illam
891 1113 984 1177 uobis
1007 1113 1196 1188 veritatem,
1220 1131 1302 1194 quiae
1325 1122 1446 1174 tantum
1469 1128 1540 1173 curae

109 1266 123 1291 ι
201 1218 297 1282 cst,
328 1209 544 1270 demonstrare
568 1206 733 1301 dignetur,
758 1229 822 1292 ego
849 1229 978 1291 quoque
1004 1209 1054 1270 vel
1077 1206 1153 1290 ipsis
1174 1206 1300 1280 invitis,
1325 1207 1418 1363 quod
1441 1205 1541 1268 minime

204 1379 206 1385 y
228 1322 325 1375 reor,
350 1300 422 1363 illos
446 1312 614 1381 superatos
636 1322 704 1364 esse
726 1303 919 1366 confitebor

204 1470 207 1477 ἱ
318 1395 370 1458 ιι.
395 1395 481 1458 Beue
504 1396 651 1470 habets
635 1418 789 1480 mquam;
812 1418 946 1480 prorsus
969 1396 1047 1458 nibil
1069 1395 1204 1478 amplius
1228 1393 1362 1475 optavi.
1373 1366 1530 1457 'Nam
1509 1417 1542 1454 ιι-

230 1492 312 1564 dete,
330 1503 463 1593 quaeso,
481 1490 565 1552 bona
581 1489 656 1553 mihi
671 1502 750 1597 quot
765 1501 797 1554 et
812 1502 927 1575 quanta
950 1492 1171 1573 provenerint.
1217 1489 1371 1552 Ριιιιιιιιιι
1388 1500 1455 1563 est,
1476 1489 1542 1571 quel

203 1657 206 1667 ι
228 1581 444 1651 Academici
434 1604 495 1645 ram
518 1582 564 1645 sic
587 1584 729 1661 convicti
751 1608 819 1648 esse
842 1586 1008 1660 dicuutur,
1043 1596 1079 1647 ut
1100 1580 1245 1663 nihileis
1267 1594 1370 1658 restet
1394 1587 1434 1645 ad
1455 1582 1542 1645 deien-
1566 1574 1568 1593 '

212 1666 370 1754 'siouem,
395 1676 455 1741 uisi
476 1681 564 1762 quod
586 1678 657 1741 fieri
679 1701 744 1745 nou
765 1688 884 1762 potest.
937 1682 1018 1761 Quis
1039 1682 1119 1747 enim
1143 1683 1207 1745 hoe
1228 1693 1282 1743 aust
1303 1679 1481 1761 intelligere
1495 1675 1542 1737 ullu

205 1769 347 1846 ¹modo,
371 1782 423 1832 aut
446 1774 577 1837 credere
600 1773 724 1849 valeat,
748 1793 819 1838 eum
841 1777 895 1859 qui
917 1778 1020 1840 victus
1043 1777 1100 1850 sit,
1126 1796 1165 1838 eo
1187 1775 1354 1858 ipsoque
1378 1772 1478 1834 victus
1492 1779 1541 1841 est,

229 1865 391 1947 victorem
410 1886 445 1931 se
467 1886 536 1929 esse
559 1867 718 1952 gloriari?
750 1871 875 1935 Deinde
904 1870 931 1934 si
953 1871 1027 1954 quid
1049 1872 1109 1932 iam
1132 1878 1273 1930 remanet
1292 1878 1376 1945 'euqr
1409 1865 1456 1926 bis
1485 1883 1542 1924 cou-

139 1976 145 1985 *
228 1960 401 2036 flictionis,
436 1981 501 2024 non
523 1981 565 2023 ex
586 1982 626 2026 eo
648 1972 719 2039 est,
745 1967 832 2046 quod
854 1967 980 2037 dicrmt,
1016 1962 1092 2027 nihil
1115 1962 1193 2026 seiri
1213 1983 1332 2044 posse,
1367 1962 1425 2024 sed
1447 1981 1484 2021 ex
1502 1977 1540 2026 eu,

166 2120 171 2125 ,
206 2058 318 2140 quod
347 2054 426 2118 ιιιιιιι
454 2053 503 2121 rei
521 2056 760 2123 assentiendum
791 2079 860 2122 esse
891 2064 1104 2123 contendunt:
1141 2080 1224 2121 nrrnc
1253 2058 1383 2140 itaque·
1387 2054 1539 2118 concordes

204 2172 349 2231 vsuiuus.
379 2130 491 2212 Nam
513 2161 548 2231 ut
570 2149 684 2226 mihi,
696 2151 738 2213 ita
763 2152 854 2215 etiam
864 2152 938 2223 illis
961 2153 1106 2229 videtur,
1138 2154 1310 2234 sapientem
1334 2149 1419 2213 scire
1442 2146 1540 2249 sapien·

145 2268 153 2279 ·
204 2242 317 2328 ἰίιιιιιι.
363 2245 427 2323 Sed
449 2255 551 2306 tamen
574 2247 615 2309 ab
640 2244 822 2310 assensione
844 2247 891 2310 ιιιι
906 2250 1146 2330 temperandum
1163 2258 1304 2310 monent.
1351 2241 1466 2307 Viden
1479 2259 1538 2301 euro

229 2333 291 2407 sibi
313 2349 433 2403 tantum
456 2337 584 2401 dicunt:
610 2337 691 2401 scire
713 2352 816 2402 alitem
839 2342 926 2405 nullo
949 2345 1067 2409 modu:
1106 2341 1196 2425 quasi
1218 2362 1281 2424 ego
1306 2361 1356 2402 me
1379 2335 1460 2400 scire
1479 2351 1538 2435 pto·

227 2430 365 2494 fitear.
393 2430 477 2494 Mihi
506 2452 634 2515 quoque
665 2432 767 2495 videri
796 2433 879 2497 istud
907 2434 1104 2505 dionaeum
1133 2435 1214 2498 enim
1245 2434 1382 2505 stultus,
1413 2439 1447 2492 ut
1467 2424 1536 2488 etim

228 2526 309 2613 ipsi,
344 2524 371 2588 si
400 2524 544 2589 nesciunt
577 2527 776 2609 sapientiam.
832 2530 1031 2611 Approbare
1063 2540 1166 2592 alitem
1199 2549 1260 2593 nos
1290 2529 1412 2590 debere
1445 2496 1538 2602 aliquid

224 2631 327 2704 puto,
351 2619 472 2696 idest,
499 2620 676 2684 veritatem.
720 2623 860 2707 Dequo
883 2644 939 2687 eos
962 2626 1121 2703 consulo,
1145 2636 1252 2687 utrum
1273 2633 1413 2706 negent,
1436 2618 1534 2683 idest,

231 2724 337 2779 nitrum
361 2713 407 2777 eis
429 2715 572 2795 placeat,
602 2718 731 2781 veritati
753 2717 983 2781 assentiendum
1007 2740 1072 2785 uon
1095 2739 1177 2783 esse
1232 2719 1408 2801 Nunquam
1429 2713 1487 2774 hoc
1503 2703 1538 2766 ιί·

209 2820 321 2898 cent,
356 2812 412 2915 ιιι
441 2830 509 2872 eam
538 2831 603 2874 non
623 2811 768 2881 inveniri
796 2813 1035 2879 asseverabunt.
1083 2812 1189 2897 Ergo
1218 2824 1250 2876 et
1275 2810 1327 2872 hie
1349 2832 1393 2873 ex
1414 2799 1537 2870 nonnulla

227 2913 322 2987 parte
343 2902 464 2969 socinum
487 2926 536 2968 me
558 2896 685 2979 tenent,
722 2908 810 2990 quod
831 2907 975 2991 utrisque
997 2929 1061 2972 non
1085 2906 1247 2989 displicet,
1284 2919 1382 2991 atquc
1405 2906 1479 2966 adeo
1497 2914 1536 2963 nt·

132 2998 140 3008 “
229 2996 372 3060 cessario
393 2999 511 3080 placet,
536 3001 797 3065 consentiendum
819 3022 889 3067 esse
911 3001 1049 3067 veritati.
1095 3004 1159 3066 Sed
1181 3001 1250 3085 quis
1273 3022 1340 3063 earu
1361 3001 1535 3062 demonstra

157 3151 160 3156 ,
207 3090 299 3163 bit?
332 3091 488 3198 inquiunt.
531 3094 595 3161 Ubi
623 3117 687 3181 ego
720 3094 881 3158 cumillis
912 3116 977 3159 non
999 3098 1119 3160 curabo
1143 3105 1285 3161 certare:
1319 3093 1396 3156 satis
1419 3086 1486 3152 mibi
1502 3090 1536 3147 est

153 3227 156 3239 ι
230 3187 399 3271 quodiam
421 3189 590 3271 probabile
612 3213 676 3267 non
693 3202 765 3269 est,
791 3189 870 3253 nihil
891 3189 973 3254 scire
995 3176 1187 3271 sapientem,
1222 3209 1260 3251 no
1280 3208 1348 3252 rem
1371 3174 1533 3250 absurdissi

211 3299 318 3359 ‘mam
336 3281 441 3346 dicere
462 3296 642 3371 cogantur,
667 3295 722 3348 aut
742 3283 821 3349 nihil
843 3306 912 3350 esse
934 3284 1136 3368 sapientiam,
1161 3294 1217 3347 aut
1237 3282 1421 3366 sapientiam
1437 3272 1534 3339 nescire

227 3373 447 3458 sapientem.

145 3476 150 3479 “
314 3470 379 3534 VI.
405 3464 458 3536 td.
482 3472 563 3555 Quis
585 3485 687 3537 antem
703 3495 816 3539 verum
831 3472 934 3556 possit
953 3474 1132 3547 ostendere,
1157 3472 1214 3535 abs
1239 3482 1281 3547 te,
1306 3471 1365 3551 Αιι
1352 3444 1418 3554 ιιιί,
1441 3438 1531 3528 dutum

228 3575 295 3640 cst,
321 3585 426 3649 aquo
449 3589 487 3632 ne
510 3566 709 3645 dissentiam,
734 3586 851 3652 magno
873 3589 972 3650 opere
999 3564 1074 3629 mihi
1095 3566 1303 3639 laborandum
1326 3577 1386 3627 est.
1430 3554 1531 3625 Eteuiu

230 3678 347 3748 ιιιιιιιιιι
380 3660 511 3745 aliquod
541 3662 613 3763 aisti
639 3646 742 3726 solum
770 3676 869 3768 posse
899 3665 1069 3727 ostendere
1098 3659 1219 3723 homini
1248 3656 1325 3743 quid
1355 3658 1403 3721 sit
1425 3668 1528 3719 reruni

118 3824 122 3833 ι
160 3758 166 3773 ¹
202 3773 328 3833 ¹quum
357 3755 519 3832 breviter,
557 3762 593 3835 tl
594 3774 624 3818 ιιι
653 3755 763 3819 etiam
774 3757 840 3838 pie.
898 3756 987 3820 Nihil
1009 3755 1116 3839 itaque
1137 3753 1169 3816 in
1191 3756 1257 3825 boc
1277 3773 1423 3817 serinone
1442 3753 1530 3811 nostru

137 3861 148 3867 “
229 3846 379 3915 libentius
393 3850 509 3926 audivi,
534 3840 611 3917 nihil
633 3852 775 3935 gravius,
799 3850 877 3914 nihil
891 3849 1101 3932 probabilius,
1126 3859 1176 3925 et,
1194 3870 1221 3912 ιι
1212 3848 1266 3911 id
1287 3868 1436 3929 numen,
1430 3855 1460 3906 ut
1472 3855 1530 3901 cot·

150 3969 156 3990 ·
229 3940 308 4016 sudo,
330 3943 425 4018 adsit,
449 3936 525 4008 nihil
541 3945 660 4008 verius.
694 3945 777 4008 llam
800 3957 832 4007 et
854 3947 996 4009 Proteus
1018 3945 1081 4019 ille,
1106 3955 1223 4028 quanta
1245 3946 1301 4007 abs
1324 3955 1355 4006 te
1378 3939 1480 4006 mentis
1497 3928 1532 3991 ιι

169 4098 170 4105 ,
228 4034 362 4105 titudine
373 4051 657 4143 commemoratus,
675 4050 791 4124 quanta
803 4038 976 4103 intentione
990 4038 1022 4100 iu
1009 4037 1188 4125 optimum
1199 4037 1421 4120 philosophiae
1434 4022 1532 4128 gouttt'·

209 4121 370 4217 *Proteus
392 4131 474 4194 enim
496 4132 566 4207 ille,
590 4143 625 4195 ut
647 4154 707 4196 vos
730 4132 948 4196 adolescentes
971 4131 1174 4213 nonpenitus
1190 4134 1305 4214 po‘e‘tas
1321 4153 1337 4193 a
1352 4116 1528 4221 philosophia

227 4224 478 4297 contemnendos
500 4247 571 4290 esse
594 4226 744 4302 videatis,
767 4226 801 4290 in
821 4224 991 4310 imaginem
1017 4225 1157 4288 veritatis
1171 4224 1341 4288 inducitur.
1386 4210 1526 4288 Veritatis,

210 4310 377 4405 inquiam,
412 4320 585 4386 Proteus'
576 4342 608 4383 m
630 4321 820 4389 carminibus
851 4329 990 4384 ostentat
1017 4319 1214 4404 audiretque
1243 4341 1430 4402 personam,
1458 4324 1527 4396 quam

160 4468 164 4475 ,
213 4413 375 4486 ¹obtinere
403 4435 497 4480 nemo
524 4427 651 4498 potest,
688 4416 714 4479 si
741 4415 830 4481 falsis
858 4412 1047 4520 imaginibus
1080 4417 1232 4498 deceptus
1266 4398 1526 4524 comprehensionis

227 4511 334 4574 nudos
348 4508 400 4573 vel
415 4510 572 4593 laxaverit
591 4512 642 4576 vel
664 4509 828 4573 dimiserit.
875 4510 955 4572 Sunt
977 4508 1058 4577 enim
1081 4510 1161 4573 istae
1182 4510 1357 4596 imagines,
1381 4527 1456 4593 quae
1471 4515 1527 4562 ιιι·

198 4686 201 4690 ⁴
225 4603 409 4675 suetudine
408 4624 516 4669 rermn
531 4598 748 4689 corporalium
770 4624 829 4686 per
850 4604 941 4680 istos,
966 4607 1082 4708 quibus
1105 4608 1145 4671 ad
1166 4606 1344 4670 necessaria
1366 4606 1450 4668 buius
1467 4591 1525 4656 vitae

164 4706 166 4715 ’
206 4697 368 4782 ἶιιιιιιιιιι,
399 4719 528 4775 sensus,
563 4719 623 4762 nos
644 4697 758 4775 etiarn,
797 4720 893 4782 quum
918 4697 1035 4778 peritas
1058 4710 1183 4781 tenetur
1206 4710 1238 4762 et
1261 4700 1351 4784 quasi
1373 4700 1490 4760 habetur
1505 4677 1526 4743 it

212 4790 389 4868 manibus,
414 4792 562 4875 decipere
584 4803 697 4898 atque·
701 4792 835 4857 illudere
859 4791 1046 4857 moliuntur
1080 4777 1167 4867 Hoc
1186 4813 1268 4874 crgo
1292 4792 1417 4894 tertium
1437 4778 1525 4853 bouum

209 4885 304 4961 ,mihi
326 4886 458 4962 accidit,
493 4887 580 4969 quod
602 4906 666 4950 non
687 4885 817 4949 invenio
840 4884 951 4969 quanti
973 4884 1148 4948 aestimem.
1197 4876 1341 4948 Mecum
1365 4883 1440 4947 cuim
1458 4874 1524 4936 sami

224 4979 410 5093 liarissimus
429 4978 557 5045 amiens
588 5000 696 5073 ineps,
731 5000 796 5045 ιιοιι
825 4980 943 5058 solum
959 4981 998 5057 de
1028 4978 1255 5062 probabilitate
1278 4980 1429 5090 hunmuae
1448 4966 1521 5031 vitat.
1569 4988 1570 4993 ’
