<?xml version="1.0" encoding="UTF-8"?>
<!DOCTYPE html PUBLIC "-//W3C//DTD XHTML 1.0 Transitional//EN"
    "http://www.w3.org/TR/xhtml1/DTD/xhtml1-transitional.dtd">
<html xmlns="http://www.w3.org/1999/xhtml" xml:lang="en" lang="en">
 <head>
  <title>
</title>
<meta http-equiv="Content-Type" content="text/html;charset=utf-8" />
  <meta name='ocr-system' content='tesseract 3.04.00' />
  <meta name='ocr-capabilities' content='ocr_page ocr_carea ocr_par ocr_line ocrx_word'/>
</head>
<body>
  <div class='ocr_page' id='page_1' title='image "./mtulliiciceroni01orelgoog_0272.png"; bbox 0 0 3188 5492; ppageno 0'>
   <div class='ocr_carea' id='block_1_1' title="bbox 1048 291 1243 336">
    <p class='ocr_par' dir='ltr' id='par_1_1' title="bbox 1048 291 1243 336">
     <span class='ocr_line' id='line_1_1' title="bbox 1048 291 1243 336; baseline 0 -33"><span class='ocrx_word' id='word_1_1' title='bbox 1048 291 1058 317; x_wconf 42' lang='lat' dir='ltr'>iq</span> <span class='ocrx_word' id='word_1_2' title='bbox 1075 305 1081 317; x_wconf 75' lang='grc' dir='ltr'><strong><em>Ι</em></strong></span> <span class='ocrx_word' id='word_1_3' title='bbox 1230 311 1243 336; x_wconf 55' lang='grc' dir='ltr'>ἱ</span> 
     </span>
    </p>
   </div>
   <div class='ocr_carea' id='block_1_2' title="bbox 1291 374 1300 405">
    <p class='ocr_par' dir='ltr' id='par_1_2' title="bbox 1291 374 1300 405">
     <span class='ocr_line' id='line_1_2' title="bbox 1291 374 1300 405; baseline 0 0"><span class='ocrx_word' id='word_1_4' title='bbox 1291 374 1300 405; x_wconf 88' lang='lat' dir='ltr'><em>s</em></span> 
     </span>
    </p>
   </div>
   <div class='ocr_carea' id='block_1_3' title="bbox 4 364 1399 511">
    <p class='ocr_par' dir='ltr' id='par_1_3' title="bbox 4 364 1399 511">
     <span class='ocr_line' id='line_1_3' title="bbox 4 364 1399 511; baseline 0.001 -36"><span class='ocrx_word' id='word_1_5' title='bbox 4 364 5 369; x_wconf 24' lang='lat'>¹</span> <span class='ocrx_word' id='word_1_6' title='bbox 225 334 767 499; x_wconf 78' lang='grc'><strong><em>777777777777777777</em></strong></span> <span class='ocrx_word' id='word_1_7' title='bbox 786 411 877 474; x_wconf 76' lang='grc'><strong><em>777.</em></strong></span> <span class='ocrx_word' id='word_1_8' title='bbox 902 410 969 475; x_wconf 87' lang='lat'>111</span> <span class='ocrx_word' id='word_1_9' title='bbox 1015 408 1057 474; x_wconf 85' lang='grc'>7.</span> <span class='ocrx_word' id='word_1_10' title='bbox 1082 412 1135 474; x_wconf 93' lang='grc'>77</span> <span class='ocrx_word' id='word_1_11' title='bbox 1161 406 1213 475; x_wconf 85' lang='grc'>77</span> <span class='ocrx_word' id='word_1_12' title='bbox 1317 411 1399 511; x_wconf 74' lang='grc'><strong><em>777.</em></strong></span> 
     </span>
    </p>
   </div>
   <div class='ocr_carea' id='block_1_4' title="bbox 51 550 1381 642">
    <p class='ocr_par' dir='ltr' id='par_1_4' title="bbox 51 550 1381 642">
     <span class='ocr_line' id='line_1_4' title="bbox 51 550 1381 642; baseline 0.001 -26"><span class='ocrx_word' id='word_1_13' title='bbox 51 556 141 616; x_wconf 88' lang='grc'><strong><em>7171</em></strong></span> <span class='ocrx_word' id='word_1_14' title='bbox 164 551 438 634; x_wconf 82' lang='lat' dir='ltr'>illinsimaginem</span> <span class='ocrx_word' id='word_1_15' title='bbox 464 551 595 615; x_wconf 86' lang='lat' dir='ltr'>factum</span> <span class='ocrx_word' id='word_1_16' title='bbox 641 552 687 615; x_wconf 90' lang='lat' dir='ltr'>Et</span> <span class='ocrx_word' id='word_1_17' title='bbox 708 553 790 621; x_wconf 84' lang='grc'><strong><em>1177</em></strong></span> <span class='ocrx_word' id='word_1_18' title='bbox 803 555 840 615; x_wconf 88' lang='grc'>17</span> <span class='ocrx_word' id='word_1_19' title='bbox 864 550 957 615; x_wconf 87' lang='lat' dir='ltr'>illo</span> <span class='ocrx_word' id='word_1_20' title='bbox 948 573 980 615; x_wconf 83' lang='lat' dir='ltr'>rn</span> <span class='ocrx_word' id='word_1_21' title='bbox 1006 573 1073 628; x_wconf 86' lang='lat' dir='ltr'>ea,</span> <span class='ocrx_word' id='word_1_22' title='bbox 1090 574 1172 637; x_wconf 89' lang='lat' dir='ltr'>quae</span> <span class='ocrx_word' id='word_1_23' title='bbox 1198 560 1233 616; x_wconf 93' lang='grc'>77</span> <span class='ocrx_word' id='word_1_24' title='bbox 1256 574 1381 642; x_wconf 87' lang='lat' dir='ltr'>eogno-</span> 
     </span>
    </p>
   </div>
   <div class='ocr_carea' id='block_1_5' title="bbox 3 645 1505 5085">
    <p class='ocr_par' dir='ltr' id='par_1_5' title="bbox 50 645 1381 733">
     <span class='ocr_line' id='line_1_5' title="bbox 50 645 1381 733; baseline 0.002 -24"><span class='ocrx_word' id='word_1_25' title='bbox 50 660 175 720; x_wconf 87' lang='lat' dir='ltr'>sceret,</span> <span class='ocrx_word' id='word_1_26' title='bbox 201 646 301 707; x_wconf 87' lang='lat' dir='ltr'>anima</span> <span class='ocrx_word' id='word_1_27' title='bbox 325 647 411 707; x_wconf 92' lang='lat' dir='ltr'>velut</span> <span class='ocrx_word' id='word_1_28' title='bbox 433 647 571 726; x_wconf 80' lang='lat' dir='ltr'>expoliri</span> <span class='ocrx_word' id='word_1_29' title='bbox 593 659 624 708; x_wconf 91' lang='lat' dir='ltr'>et</span> <span class='ocrx_word' id='word_1_30' title='bbox 647 648 743 730; x_wconf 88' lang='lat' dir='ltr'>quasi</span> <span class='ocrx_word' id='word_1_31' title='bbox 759 646 900 713; x_wconf 88' lang='lat' dir='ltr'>serenari</span> <span class='ocrx_word' id='word_1_32' title='bbox 922 645 1108 709; x_wconf 82' lang='lat' dir='ltr'>veritatem:</span> <span class='ocrx_word' id='word_1_33' title='bbox 1134 648 1172 733; x_wconf 86' lang='lat' dir='ltr'>de</span> <span class='ocrx_word' id='word_1_34' title='bbox 1194 647 1257 711; x_wconf 82' lang='lat' dir='ltr'>huc</span> <span class='ocrx_word' id='word_1_35' title='bbox 1264 657 1381 713; x_wconf 85' lang='grc'><strong><em>,77717777</em></strong></span> 
     </span>
    </p>

    <p class='ocr_par' dir='ltr' id='par_1_6' title="bbox 48 716 1382 1103">
     <span class='ocr_line' id='line_1_6' title="bbox 49 716 1382 842; baseline 0.002 -41"><span class='ocrx_word' id='word_1_36' title='bbox 49 740 81 802; x_wconf 91' lang='lat' dir='ltr'>in</span> <span class='ocrx_word' id='word_1_37' title='bbox 115 741 285 803; x_wconf 89' lang='lat' dir='ltr'>stultorum</span> <span class='ocrx_word' id='word_1_38' title='bbox 323 737 432 802; x_wconf 87' lang='lat' dir='ltr'>animis</span> <span class='ocrx_word' id='word_1_39' title='bbox 466 761 530 804; x_wconf 87' lang='lat' dir='ltr'>non</span> <span class='ocrx_word' id='word_1_40' title='bbox 563 741 746 815; x_wconf 84' lang='lat' dir='ltr'>scientiam,</span> <span class='ocrx_word' id='word_1_41' title='bbox 785 744 840 803; x_wconf 90' lang='lat' dir='ltr'>sed</span> <span class='ocrx_word' id='word_1_42' title='bbox 875 740 1056 842; x_wconf 83' lang='lat' dir='ltr'>opinionem</span> <span class='ocrx_word' id='word_1_43' title='bbox 1088 761 1185 821; x_wconf 88' lang='lat' dir='ltr'>posse</span> <span class='ocrx_word' id='word_1_44' title='bbox 1219 716 1382 823; x_wconf 77' lang='lat' dir='ltr'>generari.</span> 
     </span>
     <span class='ocr_line' id='line_1_7' title="bbox 50 833 1382 941; baseline 0 -46"><span class='ocrx_word' id='word_1_45' title='bbox 50 833 213 917; x_wconf 85' lang='lat' dir='ltr'><strong>Quidquid</strong></span> <span class='ocrx_word' id='word_1_46' title='bbox 241 845 344 897; x_wconf 88' lang='lat' dir='ltr'>tamen</span> <span class='ocrx_word' id='word_1_47' title='bbox 374 845 525 918; x_wconf 79' lang='lat' dir='ltr'><strong>ageretur</strong></span> <span class='ocrx_word' id='word_1_48' title='bbox 547 834 580 896; x_wconf 93' lang='lat' dir='ltr'>in</span> <span class='ocrx_word' id='word_1_49' title='bbox 599 837 664 899; x_wconf 89' lang='lat' dir='ltr'>boe</span> <span class='ocrx_word' id='word_1_50' title='bbox 686 838 803 899; x_wconf 85' lang='grc'><strong><em>7777777717</em></strong></span> <span class='ocrx_word' id='word_1_51' title='bbox 826 856 887 917; x_wconf 86' lang='lat' dir='ltr'>per</span> <span class='ocrx_word' id='word_1_52' title='bbox 909 856 961 898; x_wconf 89' lang='grc'>777</span> <span class='ocrx_word' id='word_1_53' title='bbox 985 835 1153 941; x_wconf 71' lang='lat' dir='ltr'>virtutes,⁸</span> <span class='ocrx_word' id='word_1_54' title='bbox 1167 856 1246 918; x_wconf 88' lang='lat' dir='ltr'>quas</span> <span class='ocrx_word' id='word_1_55' title='bbox 1269 834 1382 896; x_wconf 86' lang='lat' dir='ltr'>civiles</span> 
     </span>
     <span class='ocr_line' id='line_1_8' title="bbox 49 924 1380 1033; baseline 0.002 -44"><span class='ocrx_word' id='word_1_56' title='bbox 49 929 211 1004; x_wconf 88' lang='lat' dir='ltr'>vocabat,</span> <span class='ocrx_word' id='word_1_57' title='bbox 230 928 362 991; x_wconf 89' lang='lat' dir='ltr'>aliarum</span> <span class='ocrx_word' id='word_1_58' title='bbox 385 949 533 993; x_wconf 85' lang='lat' dir='ltr'>verarum</span> <span class='ocrx_word' id='word_1_59' title='bbox 555 929 709 1018; x_wconf 77' lang='grc'><strong><em>7171717777</em></strong></span> <span class='ocrx_word' id='word_1_60' title='bbox 727 929 864 1004; x_wconf 81' lang='lat' dir='ltr'><strong>similes,</strong></span> <span class='ocrx_word' id='word_1_61' title='bbox 892 949 972 1033; x_wconf 84' lang='lat' dir='ltr'>quae</span> <span class='ocrx_word' id='word_1_62' title='bbox 989 927 1048 991; x_wconf 89' lang='lat' dir='ltr'>nisi</span> <span class='ocrx_word' id='word_1_63' title='bbox 1062 927 1171 1010; x_wconf 89' lang='lat' dir='ltr'>paucis</span> <span class='ocrx_word' id='word_1_64' title='bbox 1187 924 1380 1010; x_wconf 80' lang='lat' dir='ltr'>sapientibus</span> 
     </span>
     <span class='ocr_line' id='line_1_9' title="bbox 48 1008 1080 1124; baseline 0.001 -43"><span class='ocrx_word' id='word_1_65' title='bbox 48 1017 181 1124; x_wconf 81' lang='lat' dir='ltr'>ignotae</span> <span class='ocrx_word' id='word_1_66' title='bbox 205 1035 326 1093; x_wconf 85' lang='lat' dir='ltr'>essent,</span> <span class='ocrx_word' id='word_1_67' title='bbox 350 1043 415 1085; x_wconf 88' lang='lat' dir='ltr'>non</span> <span class='ocrx_word' id='word_1_68' title='bbox 437 1044 533 1102; x_wconf 85' lang='lat' dir='ltr'>posse</span> <span class='ocrx_word' id='word_1_69' title='bbox 556 1020 616 1084; x_wconf 91' lang='lat' dir='ltr'>nisi</span> <span class='ocrx_word' id='word_1_70' title='bbox 637 1008 707 1085; x_wconf 81' lang='lat' dir='ltr'>veri</span> <span class='ocrx_word' id='word_1_71' title='bbox 730 1022 828 1096; x_wconf 84' lang='lat' dir='ltr'>simile</span> <span class='ocrx_word' id='word_1_72' title='bbox 852 1022 1020 1084; x_wconf 83' lang='grc'><strong><em>7777717771.</em></strong></span> <span class='ocrx_word' id='word_1_73' title='bbox 1078 1048 1080 1051; x_wconf 91' lang='grc'><em>·</em></span> 
     </span>
    </p>

    <p class='ocr_par' dir='ltr' id='par_1_7' title="bbox 46 1114 1451 1950">
     <span class='ocr_line' id='line_1_10' title="bbox 55 1114 1425 1203; baseline 0.002 -27"><span class='ocrx_word' id='word_1_74' title='bbox 55 1184 59 1191; x_wconf 39' lang='grc'><strong><em>,</em></strong></span> <span class='ocrx_word' id='word_1_75' title='bbox 138 1116 193 1181; x_wconf 80' lang='lat'>38.</span> <span class='ocrx_word' id='word_1_76' title='bbox 218 1114 312 1177; x_wconf 88' lang='grc' dir='ltr'><strong><em>Η777</em></strong></span> <span class='ocrx_word' id='word_1_77' title='bbox 332 1128 362 1178; x_wconf 88' lang='grc'>71</span> <span class='ocrx_word' id='word_1_78' title='bbox 385 1117 443 1178; x_wconf 88' lang='grc'><strong><em>7117</em></strong></span> <span class='ocrx_word' id='word_1_79' title='bbox 466 1117 645 1203; x_wconf 80' lang='lat' dir='ltr'>huiusmodi</span> <span class='ocrx_word' id='word_1_80' title='bbox 668 1117 743 1180; x_wconf 90' lang='lat' dir='ltr'>mibi</span> <span class='ocrx_word' id='word_1_81' title='bbox 773 1117 918 1195; x_wconf 80' lang='lat' dir='ltr'>videptnr</span> <span class='ocrx_word' id='word_1_82' title='bbox 949 1115 1031 1177; x_wconf 88' lang='lat' dir='ltr'>inter</span> <span class='ocrx_word' id='word_1_83' title='bbox 1060 1136 1264 1190; x_wconf 80' lang='lat' dir='ltr'>successores</span> <span class='ocrx_word' id='word_1_84' title='bbox 1293 1116 1379 1192; x_wconf 88' lang='lat' dir='ltr'>eius,</span> <span class='ocrx_word' id='word_1_85' title='bbox 1412 1126 1425 1171; x_wconf 80' lang='grc' dir='ltr'><em>Ι</em></span> 
     </span>
     <span class='ocr_line' id='line_1_11' title="bbox 48 1209 1451 1293; baseline 0.001 -23"><span class='ocrx_word' id='word_1_86' title='bbox 48 1220 203 1293; x_wconf 84' lang='lat' dir='ltr'>qnantum</span> <span class='ocrx_word' id='word_1_87' title='bbox 238 1222 407 1290; x_wconf 84' lang='lat' dir='ltr'>poterant,</span> <span class='ocrx_word' id='word_1_88' title='bbox 445 1233 515 1287; x_wconf 85' lang='lat' dir='ltr'>esse</span> <span class='ocrx_word' id='word_1_89' title='bbox 548 1222 675 1274; x_wconf 83' lang='lat' dir='ltr'>servata</span> <span class='ocrx_word' id='word_1_90' title='bbox 710 1222 742 1272; x_wconf 89' lang='lat' dir='ltr'>et</span> <span class='ocrx_word' id='word_1_91' title='bbox 769 1209 1027 1293; x_wconf 86' lang='lat' dir='ltr'>pro&#39;mysteriis</span> <span class='ocrx_word' id='word_1_92' title='bbox 1064 1211 1235 1274; x_wconf 86' lang='lat' dir='ltr'>custodita.</span> <span class='ocrx_word' id='word_1_93' title='bbox 1305 1215 1381 1275; x_wconf 90' lang='lat' dir='ltr'>Non</span> <span class='ocrx_word' id='word_1_94' title='bbox 1447 1265 1451 1272; x_wconf 92' lang='lat'>.</span> 
     </span>
     <span class='ocr_line' id='line_1_12' title="bbox 48 1303 1388 1386; baseline 0.006 -23"><span class='ocrx_word' id='word_1_95' title='bbox 48 1303 132 1364; x_wconf 84' lang='lat' dir='ltr'>eninr</span> <span class='ocrx_word' id='word_1_96' title='bbox 159 1314 218 1383; x_wconf 28' lang='lat' dir='ltr'>,arat</span> <span class='ocrx_word' id='word_1_97' title='bbox 239 1303 331 1365; x_wconf 84' lang='lat' dir='ltr'>facile</span> <span class='ocrx_word' id='word_1_98' title='bbox 357 1305 417 1364; x_wconf 89' lang='lat' dir='ltr'>isla</span> <span class='ocrx_word' id='word_1_99' title='bbox 439 1304 675 1385; x_wconf 83' lang='lat' dir='ltr'>percipiuntur,</span> <span class='ocrx_word' id='word_1_100' title='bbox 701 1303 759 1366; x_wconf 89' lang='lat' dir='ltr'>nisi</span> <span class='ocrx_word' id='word_1_101' title='bbox 782 1306 821 1367; x_wconf 88' lang='lat' dir='ltr'>ab</span> <span class='ocrx_word' id='word_1_102' title='bbox 845 1304 908 1379; x_wconf 90' lang='lat' dir='ltr'>eis,</span> <span class='ocrx_word' id='word_1_103' title='bbox 934 1305 987 1386; x_wconf 91' lang='lat' dir='ltr'>qui</span> <span class='ocrx_word' id='word_1_104' title='bbox 1010 1326 1044 1366; x_wconf 89' lang='grc'>77</span> <span class='ocrx_word' id='word_1_105' title='bbox 1067 1306 1105 1365; x_wconf 84' lang='lat' dir='ltr'>ab</span> <span class='ocrx_word' id='word_1_106' title='bbox 1129 1306 1274 1368; x_wconf 92' lang='lat' dir='ltr'>omnibus</span> <span class='ocrx_word' id='word_1_107' title='bbox 1298 1306 1388 1379; x_wconf 85' lang='lat' dir='ltr'>vitiis</span> 
     </span>
     <span class='ocr_line' id='line_1_13' title="bbox 46 1397 1383 1482; baseline 0.002 -23"><span class='ocrx_word' id='word_1_108' title='bbox 46 1400 254 1471; x_wconf 85' lang='lat' dir='ltr'>urundantes,</span> <span class='ocrx_word' id='word_1_109' title='bbox 278 1397 309 1458; x_wconf 92' lang='lat' dir='ltr'>in</span> <span class='ocrx_word' id='word_1_110' title='bbox 332 1398 423 1461; x_wconf 86' lang='lat' dir='ltr'>aliam</span> <span class='ocrx_word' id='word_1_111' title='bbox 441 1402 600 1482; x_wconf 89' lang='lat' dir='ltr'>quandam</span> <span class='ocrx_word' id='word_1_112' title='bbox 624 1399 708 1479; x_wconf 90' lang='lat' dir='ltr'>plus</span> <span class='ocrx_word' id='word_1_113' title='bbox 727 1420 819 1482; x_wconf 91' lang='lat' dir='ltr'>quam</span> <span class='ocrx_word' id='word_1_114' title='bbox 841 1400 1006 1459; x_wconf 80' lang='lat' dir='ltr'>humanam</span> <span class='ocrx_word' id='word_1_115' title='bbox 1030 1398 1341 1465; x_wconf 71' lang='lat' dir='ltr'>consuetudinem</span> <span class='ocrx_word' id='word_1_116' title='bbox 1312 1422 1383 1462; x_wconf 90' lang='lat' dir='ltr'>vm·</span> 
     </span>
     <span class='ocr_line' id='line_1_14' title="bbox 48 1484 1383 1597; baseline 0.001 -42"><span class='ocrx_word' id='word_1_117' title='bbox 48 1484 252 1566; x_wconf 80' lang='lat' dir='ltr'>dicaverint,</span> <span class='ocrx_word' id='word_1_118' title='bbox 291 1503 344 1553; x_wconf 89' lang='lat' dir='ltr'>aut</span> <span class='ocrx_word' id='word_1_119' title='bbox 373 1514 436 1552; x_wconf 91' lang='lat' dir='ltr'>non</span> <span class='ocrx_word' id='word_1_120' title='bbox 467 1493 610 1575; x_wconf 81' lang='lat' dir='ltr'>graviter</span> <span class='ocrx_word' id='word_1_121' title='bbox 636 1504 749 1574; x_wconf 89' lang='lat' dir='ltr'>peccat</span> <span class='ocrx_word' id='word_1_122' title='bbox 772 1491 913 1597; x_wconf 78' lang='lat' dir='ltr'>quisquis</span> <span class='ocrx_word' id='word_1_123' title='bbox 938 1513 974 1554; x_wconf 88' lang='lat' dir='ltr'>ea</span> <span class='ocrx_word' id='word_1_124' title='bbox 1003 1493 1104 1555; x_wconf 88' lang='lat' dir='ltr'>sciens</span> <span class='ocrx_word' id='word_1_125' title='bbox 1133 1495 1293 1576; x_wconf 87' lang='lat' dir='ltr'>quoslibet</span> <span class='ocrx_word' id='word_1_126' title='bbox 1321 1495 1383 1556; x_wconf 90' lang='lat' dir='ltr'>ho·</span> 
     </span>
     <span class='ocr_line' id='line_1_15' title="bbox 46 1580 1379 1669; baseline 0.004 -24"><span class='ocrx_word' id='word_1_127' title='bbox 46 1585 148 1649; x_wconf 89' lang='lat' dir='ltr'>mines</span> <span class='ocrx_word' id='word_1_128' title='bbox 180 1587 297 1647; x_wconf 90' lang='lat' dir='ltr'>ducere</span> <span class='ocrx_word' id='word_1_129' title='bbox 325 1583 477 1648; x_wconf 84' lang='lat' dir='ltr'>voluerit.</span> <span class='ocrx_word' id='word_1_130' title='bbox 522 1587 634 1668; x_wconf 84' lang='lat' dir='ltr'>Itaque</span> <span class='ocrx_word' id='word_1_131' title='bbox 658 1588 823 1648; x_wconf 82' lang='lat' dir='ltr'>Zenonem</span> <span class='ocrx_word' id='word_1_132' title='bbox 846 1586 1019 1667; x_wconf 82' lang='lat' dir='ltr'>principem</span> <span class='ocrx_word' id='word_1_133' title='bbox 1042 1580 1274 1664; x_wconf 86' lang='lat' dir='ltr'>Stoicorum,</span> <span class='ocrx_word' id='word_1_134' title='bbox 1283 1610 1379 1669; x_wconf 91' lang='lat' dir='ltr'>quum</span> 
     </span>
     <span class='ocr_line' id='line_1_16' title="bbox 46 1664 1429 1761; baseline 0.003 -20"><span class='ocrx_word' id='word_1_135' title='bbox 46 1680 110 1741; x_wconf 90' lang='lat' dir='ltr'>iam</span> <span class='ocrx_word' id='word_1_136' title='bbox 143 1679 329 1761; x_wconf 86' lang='lat' dir='ltr'>quibusdam</span> <span class='ocrx_word' id='word_1_137' title='bbox 360 1664 471 1745; x_wconf 81' lang='lat' dir='ltr'>auditis</span> <span class='ocrx_word' id='word_1_138' title='bbox 500 1691 531 1742; x_wconf 88' lang='lat' dir='ltr'>et</span> <span class='ocrx_word' id='word_1_139' title='bbox 553 1680 752 1755; x_wconf 87' lang='lat' dir='ltr'>creditis,</span> <span class='ocrx_word' id='word_1_140' title='bbox 744 1702 773 1743; x_wconf 82' lang='lat' dir='ltr'>in</span> <span class='ocrx_word' id='word_1_141' title='bbox 797 1680 940 1742; x_wconf 87' lang='lat' dir='ltr'>scholam</span> <span class='ocrx_word' id='word_1_142' title='bbox 962 1680 1120 1742; x_wconf 84' lang='lat' dir='ltr'>relictam</span> <span class='ocrx_word' id='word_1_143' title='bbox 1117 1701 1143 1742; x_wconf 88' lang='grc'>7</span> <span class='ocrx_word' id='word_1_144' title='bbox 1166 1681 1301 1744; x_wconf 85' lang='lat' dir='ltr'>Platone</span> <span class='ocrx_word' id='word_1_145' title='bbox 1323 1702 1381 1745; x_wconf 86' lang='lat' dir='ltr'>ve·</span> <span class='ocrx_word' id='word_1_146' title='bbox 1425 1683 1429 1691; x_wconf 82' lang='grc'><strong>’</strong></span> 
     </span>
     <span class='ocr_line' id='line_1_17' title="bbox 46 1771 1383 1876; baseline 0.003 -43"><span class='ocrx_word' id='word_1_147' title='bbox 46 1771 168 1846; x_wconf 89' lang='lat' dir='ltr'>nisset,</span> <span class='ocrx_word' id='word_1_148' title='bbox 195 1793 286 1876; x_wconf 86' lang='lat' dir='ltr'>quam</span> <span class='ocrx_word' id='word_1_149' title='bbox 311 1784 384 1834; x_wconf 93' lang='lat' dir='ltr'>tunc</span> <span class='ocrx_word' id='word_1_150' title='bbox 407 1773 544 1838; x_wconf 88' lang='lat' dir='ltr'>Polemo</span> <span class='ocrx_word' id='word_1_151' title='bbox 566 1774 738 1848; x_wconf 84' lang='lat' dir='ltr'>retinebat,</span> <span class='ocrx_word' id='word_1_152' title='bbox 764 1784 944 1854; x_wconf 82' lang='lat' dir='ltr'>suspectum</span> <span class='ocrx_word' id='word_1_153' title='bbox 966 1772 1108 1837; x_wconf 89' lang='lat' dir='ltr'>habitum</span> <span class='ocrx_word' id='word_1_154' title='bbox 1130 1771 1298 1854; x_wconf 85' lang='lat' dir='ltr'>suspicor,</span> <span class='ocrx_word' id='word_1_155' title='bbox 1323 1794 1383 1839; x_wconf 86' lang='lat' dir='ltr'>nee</span> 
     </span>
     <span class='ocr_line' id='line_1_18' title="bbox 46 1865 1384 1950; baseline 0.004 -24"><span class='ocrx_word' id='word_1_156' title='bbox 46 1865 146 1928; x_wconf 83' lang='lat' dir='ltr'>talem</span> <span class='ocrx_word' id='word_1_157' title='bbox 176 1865 275 1926; x_wconf 90' lang='lat' dir='ltr'>visum</span> <span class='ocrx_word' id='word_1_158' title='bbox 310 1867 361 1928; x_wconf 87' lang='grc'><strong><em>7771</em></strong></span> <span class='ocrx_word' id='word_1_159' title='bbox 390 1867 555 1931; x_wconf 88' lang='lat' dir='ltr'>Platonica</span> <span class='ocrx_word' id='word_1_160' title='bbox 584 1868 637 1931; x_wconf 88' lang='lat' dir='ltr'>illa</span> <span class='ocrx_word' id='word_1_161' title='bbox 667 1868 755 1933; x_wconf 86' lang='lat' dir='ltr'>velut</span> <span class='ocrx_word' id='word_1_162' title='bbox 783 1878 1009 1930; x_wconf 88' lang='lat' dir='ltr'>sacrosancta</span> <span class='ocrx_word' id='word_1_163' title='bbox 1018 1869 1146 1930; x_wconf 89' lang='lat' dir='ltr'>decreta</span> <span class='ocrx_word' id='word_1_164' title='bbox 1173 1867 1266 1928; x_wconf 82' lang='lat' dir='ltr'>facile</span> <span class='ocrx_word' id='word_1_165' title='bbox 1288 1868 1384 1950; x_wconf 85' lang='lat' dir='ltr'>prodi</span> 
     </span>
    </p>

    <p class='ocr_par' dir='ltr' id='par_1_8' title="bbox 3 1957 1465 2231">
     <span class='ocr_line' id='line_1_19' title="bbox 3 1957 1465 2044; baseline 0.003 -24"><span class='ocrx_word' id='word_1_166' title='bbox 3 1960 6 1969; x_wconf 78' lang='grc'><strong><em>’</em></strong></span> <span class='ocrx_word' id='word_1_167' title='bbox 46 1957 271 2042; x_wconf 81' lang='lat' dir='ltr'>committique</span> <span class='ocrx_word' id='word_1_168' title='bbox 293 1961 457 2036; x_wconf 81' lang='lat' dir='ltr'>deberent,</span> <span class='ocrx_word' id='word_1_169' title='bbox 482 1961 722 2044; x_wconf 64' lang='grc'>[7717777177777712</span> <span class='ocrx_word' id='word_1_170' title='bbox 745 1960 1015 2035; x_wconf 86' lang='grc'><strong><em>17111171777177,</em></strong></span> <span class='ocrx_word' id='word_1_171' title='bbox 1040 1961 1168 2044; x_wconf 86' lang='lat' dir='ltr'>quaein</span> <span class='ocrx_word' id='word_1_172' title='bbox 1185 1959 1269 2023; x_wconf 85' lang='lat' dir='ltr'>illam</span> <span class='ocrx_word' id='word_1_173' title='bbox 1285 1963 1382 2025; x_wconf 89' lang='lat' dir='ltr'>scho-</span> <span class='ocrx_word' id='word_1_174' title='bbox 1462 1960 1465 1969; x_wconf 85' lang='lat'>&#39;</span> 
     </span>
     <span class='ocr_line' id='line_1_20' title="bbox 47 2044 1460 2134; baseline 0.004 -21"><span class='ocrx_word' id='word_1_175' title='bbox 47 2049 113 2115; x_wconf 82' lang='grc'><strong><em>17777</em></strong></span> <span class='ocrx_word' id='word_1_176' title='bbox 136 2056 174 2112; x_wconf 90' lang='lat' dir='ltr'>ab</span> <span class='ocrx_word' id='word_1_177' title='bbox 198 2052 265 2114; x_wconf 88' lang='grc'><strong><em>71117</em></strong></span> <span class='ocrx_word' id='word_1_178' title='bbox 297 2065 425 2134; x_wconf 83' lang='lat' dir='ltr'>acceptu</span> <span class='ocrx_word' id='word_1_179' title='bbox 453 2053 624 2117; x_wconf 87' lang='lat' dir='ltr'>detulerat.</span> <span class='ocrx_word' id='word_1_180' title='bbox 680 2055 826 2125; x_wconf 87' lang='lat' dir='ltr'>Moritur</span> <span class='ocrx_word' id='word_1_181' title='bbox 855 2056 1010 2131; x_wconf 76' lang='lat' dir='ltr'>Polemo,</span> <span class='ocrx_word' id='word_1_182' title='bbox 1049 2056 1190 2121; x_wconf 84' lang='lat' dir='ltr'>succedit</span> <span class='ocrx_word' id='word_1_183' title='bbox 1220 2055 1248 2118; x_wconf 89' lang='grc'>71</span> <span class='ocrx_word' id='word_1_184' title='bbox 1276 2044 1387 2118; x_wconf 87' lang='lat' dir='ltr'>Arce-</span> <span class='ocrx_word' id='word_1_185' title='bbox 1366 2091 1391 2105; x_wconf 39' lang='lat' dir='ltr'>-s</span> <span class='ocrx_word' id='word_1_186' title='bbox 1458 2054 1460 2059; x_wconf 70' lang='grc'>’</span> 
     </span>
     <span class='ocr_line' id='line_1_21' title="bbox 47 2147 1380 2234; baseline 0.005 -26"><span class='ocrx_word' id='word_1_187' title='bbox 47 2147 126 2211; x_wconf 89' lang='lat' dir='ltr'>silas</span> <span class='ocrx_word' id='word_1_188' title='bbox 154 2147 297 2211; x_wconf 78' lang='lat' dir='ltr'>Zenonis</span> <span class='ocrx_word' id='word_1_189' title='bbox 326 2148 450 2229; x_wconf 89' lang='lat' dir='ltr'>quidem</span> <span class='ocrx_word' id='word_1_190' title='bbox 482 2148 738 2231; x_wconf 87' lang='lat' dir='ltr'>condiscipulus,</span> <span class='ocrx_word' id='word_1_191' title='bbox 777 2153 834 2213; x_wconf 85' lang='lat' dir='ltr'>sed</span> <span class='ocrx_word' id='word_1_192' title='bbox 866 2152 926 2212; x_wconf 88' lang='lat' dir='ltr'>sub</span> <span class='ocrx_word' id='word_1_193' title='bbox 959 2149 1147 2214; x_wconf 89' lang='lat' dir='ltr'>Polemonis</span> <span class='ocrx_word' id='word_1_194' title='bbox 1180 2149 1380 2234; x_wconf 67' lang='lat' dir='ltr'>magestenis.</span> 
     </span>
    </p>

    <p class='ocr_par' dir='ltr' id='par_1_9' title="bbox 3 2242 1379 2328">
     <span class='ocr_line' id='line_1_22' title="bbox 3 2242 1379 2328; baseline 0.004 -27"><span class='ocrx_word' id='word_1_195' title='bbox 3 2272 5 2285; x_wconf 51' lang='grc' dir='ltr'><em>ν</em></span> <span class='ocrx_word' id='word_1_196' title='bbox 47 2242 268 2321; x_wconf 79' lang='lat' dir='ltr'>Quamobrem</span> <span class='ocrx_word' id='word_1_197' title='bbox 292 2254 387 2324; x_wconf 84' lang='lat' dir='ltr'>quum</span> <span class='ocrx_word' id='word_1_198' title='bbox 411 2244 581 2325; x_wconf 70' lang='lat' dir='ltr'>Zenqsua</span> <span class='ocrx_word' id='word_1_199' title='bbox 601 2247 738 2328; x_wconf 86' lang='lat' dir='ltr'>quadam</span> <span class='ocrx_word' id='word_1_200' title='bbox 762 2246 800 2306; x_wconf 90' lang='lat' dir='ltr'>de</span> <span class='ocrx_word' id='word_1_201' title='bbox 823 2246 1019 2319; x_wconf 75' lang='lat' dir='ltr'>ruarndu,=et</span> <span class='ocrx_word' id='word_1_202' title='bbox 1040 2244 1173 2310; x_wconf 85' lang='lat' dir='ltr'>maxime</span> <span class='ocrx_word' id='word_1_203' title='bbox 1197 2247 1236 2306; x_wconf 87' lang='grc'>17</span> <span class='ocrx_word' id='word_1_204' title='bbox 1259 2244 1379 2320; x_wconf 86' lang='lat' dir='ltr'>anima,</span> 
     </span>
    </p>

    <p class='ocr_par' dir='ltr' id='par_1_10' title="bbox 4 2328 1486 3435">
     <span class='ocr_line' id='line_1_23' title="bbox 4 2328 1381 2424; baseline 0.001 -25"><span class='ocrx_word' id='word_1_205' title='bbox 4 2328 5 2331; x_wconf 28' lang='lat'>¹</span> <span class='ocrx_word' id='word_1_206' title='bbox 45 2346 304 2418; x_wconf 83' lang='lat' dir='ltr'>propterquam</span> <span class='ocrx_word' id='word_1_207' title='bbox 327 2357 402 2398; x_wconf 86' lang='lat' dir='ltr'>vera</span> <span class='ocrx_word' id='word_1_208' title='bbox 425 2337 628 2419; x_wconf 85' lang='lat' dir='ltr'>philosophia</span> <span class='ocrx_word' id='word_1_209' title='bbox 658 2339 789 2424; x_wconf 78' lang='lat' dir='ltr'>vigilat,</span> <span class='ocrx_word' id='word_1_210' title='bbox 825 2339 978 2404; x_wconf 81' lang='lat' dir='ltr'>sententia</span> <span class='ocrx_word' id='word_1_211' title='bbox 1009 2340 1238 2415; x_wconf 87' lang='lat' dir='ltr'>delectaretur,</span> <span class='ocrx_word' id='word_1_212' title='bbox 1273 2339 1381 2405; x_wconf 84' lang='grc'><strong><em>71177777</em></strong></span> 
     </span>
     <span class='ocr_line' id='line_1_24' title="bbox 46 2432 1486 2515; baseline 0 -22"><span class='ocrx_word' id='word_1_213' title='bbox 46 2451 119 2493; x_wconf 85' lang='lat' dir='ltr'>earn</span> <span class='ocrx_word' id='word_1_214' title='bbox 144 2450 214 2495; x_wconf 85' lang='lat' dir='ltr'>esse</span> <span class='ocrx_word' id='word_1_215' title='bbox 244 2434 427 2506; x_wconf 88' lang='lat' dir='ltr'>mortalem,</span> <span class='ocrx_word' id='word_1_216' title='bbox 459 2432 523 2495; x_wconf 72' lang='lat' dir='ltr'>‘uec</span> <span class='ocrx_word' id='word_1_217' title='bbox 546 2433 715 2515; x_wconf 83' lang='lat' dir='ltr'>quidquam</span> <span class='ocrx_word' id='word_1_218' title='bbox 738 2455 807 2496; x_wconf 88' lang='lat' dir='ltr'>esse</span> <span class='ocrx_word' id='word_1_219' title='bbox 830 2444 958 2515; x_wconf 83' lang='lat' dir='ltr'>praeter</span> <span class='ocrx_word' id='word_1_220' title='bbox 981 2435 1064 2495; x_wconf 86' lang='grc'><strong><em>1777777</em></strong></span> <span class='ocrx_word' id='word_1_221' title='bbox 1087 2433 1265 2497; x_wconf 86' lang='lat' dir='ltr'>sensibilem</span> <span class='ocrx_word' id='word_1_222' title='bbox 1292 2452 1401 2494; x_wconf 80' lang='lat' dir='ltr'>mun--</span> <span class='ocrx_word' id='word_1_223' title='bbox 1455 2454 1457 2461; x_wconf 53' lang='lat'>‘</span> <span class='ocrx_word' id='word_1_224' title='bbox 1482 2497 1486 2509; x_wconf 28' lang='lat'>⁸</span> 
     </span>
     <span class='ocr_line' id='line_1_25' title="bbox 46 2516 1456 2610; baseline 0.004 -25"><span class='ocrx_word' id='word_1_225' title='bbox 46 2526 145 2598; x_wconf 79' lang='lat' dir='ltr'>darm,</span> <span class='ocrx_word' id='word_1_226' title='bbox 184 2523 324 2608; x_wconf 86' lang='lat' dir='ltr'>nihilque</span> <span class='ocrx_word' id='word_1_227' title='bbox 354 2525 384 2585; x_wconf 90' lang='lat' dir='ltr'>in</span> <span class='ocrx_word' id='word_1_228' title='bbox 414 2545 453 2588; x_wconf 91' lang='lat' dir='ltr'>eo</span> <span class='ocrx_word' id='word_1_229' title='bbox 484 2525 555 2609; x_wconf 78' lang='lat' dir='ltr'>agi,</span> <span class='ocrx_word' id='word_1_230' title='bbox 594 2526 653 2590; x_wconf 80' lang='lat' dir='ltr'>uisi</span> <span class='ocrx_word' id='word_1_231' title='bbox 683 2547 944 2608; x_wconf 65' lang='lat' dir='ltr'>corpore„nam</span> <span class='ocrx_word' id='word_1_232' title='bbox 971 2538 1002 2590; x_wconf 88' lang='grc'>71</span> <span class='ocrx_word' id='word_1_233' title='bbox 1024 2516 1128 2590; x_wconf 76' lang='lat' dir='ltr'>Derim</span> <span class='ocrx_word' id='word_1_234' title='bbox 1150 2525 1253 2608; x_wconf 89' lang='lat' dir='ltr'>ipsum</span> <span class='ocrx_word' id='word_1_235' title='bbox 1275 2526 1382 2610; x_wconf 86' lang='lat' dir='ltr'>iguem</span> <span class='ocrx_word' id='word_1_236' title='bbox 1454 2586 1456 2591; x_wconf 91' lang='lat'><em>.</em></span> 
     </span>
     <span class='ocr_line' id='line_1_26' title="bbox 44 2619 1384 2704; baseline 0.006 -27"><span class='ocrx_word' id='word_1_237' title='bbox 44 2619 206 2699; x_wconf 86' lang='lat' dir='ltr'>putabat:</span> <span class='ocrx_word' id='word_1_238' title='bbox 224 2620 483 2699; x_wconf 75' lang='lat' dir='ltr'>,prudentissime</span> <span class='ocrx_word' id='word_1_239' title='bbox 514 2622 609 2703; x_wconf 83' lang='lat' dir='ltr'>atque</span> <span class='ocrx_word' id='word_1_240' title='bbox 638 2620 801 2684; x_wconf 88' lang='lat' dir='ltr'>utilissime</span> <span class='ocrx_word' id='word_1_241' title='bbox 825 2620 899 2683; x_wconf 88' lang='lat' dir='ltr'>mibi</span> <span class='ocrx_word' id='word_1_242' title='bbox 921 2620 1048 2683; x_wconf 88' lang='lat' dir='ltr'>videtur</span> <span class='ocrx_word' id='word_1_243' title='bbox 1064 2620 1250 2696; x_wconf 80' lang='lat' dir='ltr'>Arcesilas,</span> <span class='ocrx_word' id='word_1_244' title='bbox 1286 2643 1384 2704; x_wconf 87' lang='lat' dir='ltr'>quum</span> 
     </span>
     <span class='ocr_line' id='line_1_27' title="bbox 46 2711 1380 2796; baseline 0.002 -20"><span class='ocrx_word' id='word_1_245' title='bbox 46 2712 128 2777; x_wconf 87' lang='lat' dir='ltr'>illud</span> <span class='ocrx_word' id='word_1_246' title='bbox 159 2711 395 2794; x_wconf 43' lang='lat' dir='ltr'>lateiserperet</span> <span class='ocrx_word' id='word_1_247' title='bbox 424 2715 556 2790; x_wconf 86' lang='lat' dir='ltr'>malurn,</span> <span class='ocrx_word' id='word_1_248' title='bbox 593 2716 770 2778; x_wconf 79' lang='lat' dir='ltr'>occultasse</span> <span class='ocrx_word' id='word_1_249' title='bbox 797 2715 922 2796; x_wconf 89' lang='lat' dir='ltr'>penitus</span> <span class='ocrx_word' id='word_1_250' title='bbox 952 2712 1145 2781; x_wconf 76' lang='lat' dir='ltr'>Academiae</span> <span class='ocrx_word' id='word_1_251' title='bbox 1175 2714 1380 2789; x_wconf 64' lang='lat' dir='ltr'>sententiam</span> 
     </span>
     <span class='ocr_line' id='line_1_28' title="bbox 15 2807 1383 2892; baseline 0.001 -24"><span class='ocrx_word' id='word_1_252' title='bbox 15 2810 86 2868; x_wconf 77' lang='lat' dir='ltr'>‘et</span> <span class='ocrx_word' id='word_1_253' title='bbox 107 2807 196 2886; x_wconf 87' lang='lat' dir='ltr'>quasi</span> <span class='ocrx_word' id='word_1_254' title='bbox 219 2829 327 2869; x_wconf 75' lang='lat' dir='ltr'>aurula</span> <span class='ocrx_word' id='word_1_255' title='bbox 350 2808 570 2872; x_wconf 89' lang='lat' dir='ltr'>inveniendum</span> <span class='ocrx_word' id='word_1_256' title='bbox 595 2812 785 2892; x_wconf 86' lang='lat' dir='ltr'>quandoque</span> <span class='ocrx_word' id='word_1_257' title='bbox 801 2809 939 2891; x_wconf 73' lang='lat' dir='ltr'>postepis</span> <span class='ocrx_word' id='word_1_258' title='bbox 957 2810 1129 2873; x_wconf 75' lang='lat' dir='ltr'>obruisse..</span> <span class='ocrx_word' id='word_1_259' title='bbox 1162 2807 1269 2886; x_wconf 85' lang='lat' dir='ltr'>Quare</span> <span class='ocrx_word' id='word_1_260' title='bbox 1285 2830 1383 2892; x_wconf 90' lang='lat' dir='ltr'>quum</span> 
     </span>
     <span class='ocr_line' id='line_1_29' title="bbox 46 2900 1382 2987; baseline 0 -24"><span class='ocrx_word' id='word_1_261' title='bbox 46 2900 85 2963; x_wconf 92' lang='lat' dir='ltr'>in</span> <span class='ocrx_word' id='word_1_262' title='bbox 106 2900 203 2972; x_wconf 86' lang='lat' dir='ltr'>salsas</span> <span class='ocrx_word' id='word_1_263' title='bbox 226 2903 392 2983; x_wconf 87' lang='lat' dir='ltr'>opiniones</span> <span class='ocrx_word' id='word_1_264' title='bbox 414 2924 506 2965; x_wconf 90' lang='lat' dir='ltr'>ruere</span> <span class='ocrx_word' id='word_1_265' title='bbox 529 2905 622 2967; x_wconf 87' lang='lat' dir='ltr'>turba</span> <span class='ocrx_word' id='word_1_266' title='bbox 645 2904 684 2965; x_wconf 87' lang='lat' dir='ltr'>sit</span> <span class='ocrx_word' id='word_1_267' title='bbox 706 2904 862 2987; x_wconf 81' lang='lat' dir='ltr'>pronior,</span> <span class='ocrx_word' id='word_1_268' title='bbox 901 2915 932 2965; x_wconf 89' lang='grc'>71</span> <span class='ocrx_word' id='word_1_269' title='bbox 957 2902 1186 2987; x_wconf 78' lang='lat' dir='ltr'>consuetudine</span> <span class='ocrx_word' id='word_1_270' title='bbox 1209 2921 1382 2982; x_wconf 87' lang='lat' dir='ltr'>corporum</span> 
     </span>
     <span class='ocr_line' id='line_1_30' title="bbox 48 2993 1431 3081; baseline 0.003 -23"><span class='ocrx_word' id='word_1_271' title='bbox 48 2993 161 3058; x_wconf 85' lang='lat' dir='ltr'>omnia</span> <span class='ocrx_word' id='word_1_272' title='bbox 181 3016 251 3057; x_wconf 89' lang='lat' dir='ltr'>esse</span> <span class='ocrx_word' id='word_1_273' title='bbox 272 3018 430 3078; x_wconf 88' lang='lat' dir='ltr'>corporea</span> <span class='ocrx_word' id='word_1_274' title='bbox 452 2998 616 3081; x_wconf 75' lang='lat' dir='ltr'>facillime,</span> <span class='ocrx_word' id='word_1_275' title='bbox 640 3000 696 3060; x_wconf 87' lang='lat' dir='ltr'>sed</span> <span class='ocrx_word' id='word_1_276' title='bbox 717 2997 813 3061; x_wconf 79' lang='lat' dir='ltr'>noxie</span> <span class='ocrx_word' id='word_1_277' title='bbox 836 3000 1003 3073; x_wconf 87' lang='lat' dir='ltr'>credatur,</span> <span class='ocrx_word' id='word_1_278' title='bbox 1019 2996 1173 3061; x_wconf 42' lang='lat' dir='ltr'>,instituit</span> <span class='ocrx_word' id='word_1_279' title='bbox 1195 2995 1245 3058; x_wconf 91' lang='lat' dir='ltr'>vir</span> <span class='ocrx_word' id='word_1_280' title='bbox 1266 2995 1383 3059; x_wconf 85' lang='lat' dir='ltr'>acutis-</span> <span class='ocrx_word' id='word_1_281' title='bbox 1426 3020 1431 3024; x_wconf 59' lang='lat'><strong><em>‘</em></strong></span> 
     </span>
     <span class='ocr_line' id='line_1_31' title="bbox 47 3085 1382 3175; baseline 0.002 -26"><span class='ocrx_word' id='word_1_282' title='bbox 47 3085 150 3149; x_wconf 89' lang='lat' dir='ltr'>simus</span> <span class='ocrx_word' id='word_1_283' title='bbox 186 3099 284 3172; x_wconf 72' lang='lat' dir='ltr'>atquev</span> <span class='ocrx_word' id='word_1_284' title='bbox 318 3090 567 3164; x_wconf 82' lang='lat' dir='ltr'>humanissimus.</span> <span class='ocrx_word' id='word_1_285' title='bbox 595 3093 753 3155; x_wconf 85' lang='lat' dir='ltr'>deducere·</span> <span class='ocrx_word' id='word_1_286' title='bbox 790 3088 929 3173; x_wconf 73' lang='lat' dir='ltr'>potius,</span> <span class='ocrx_word' id='word_1_287' title='bbox 966 3113 1061 3175; x_wconf 88' lang='lat' dir='ltr'>quos·</span> <span class='ocrx_word' id='word_1_288' title='bbox 1082 3090 1266 3172; x_wconf 86' lang='lat' dir='ltr'>patiebatur</span> <span class='ocrx_word' id='word_1_289' title='bbox 1303 3090 1382 3152; x_wconf 84' lang='lat' dir='ltr'>male</span> 
     </span>
     <span class='ocr_line' id='line_1_32' title="bbox 47 3182 1464 3271; baseline 0.004 -30"><span class='ocrx_word' id='word_1_290' title='bbox 47 3184 189 3257; x_wconf 87' lang='lat' dir='ltr'>doctos,</span> <span class='ocrx_word' id='word_1_291' title='bbox 214 3203 307 3266; x_wconf 90' lang='lat' dir='ltr'>quam</span> <span class='ocrx_word' id='word_1_292' title='bbox 333 3185 466 3259; x_wconf 88' lang='lat' dir='ltr'>docere,</span> <span class='ocrx_word' id='word_1_293' title='bbox 492 3205 573 3268; x_wconf 90' lang='lat' dir='ltr'>quos</span> <span class='ocrx_word' id='word_1_294' title='bbox 595 3186 715 3248; x_wconf 87' lang='lat' dir='ltr'>dociles</span> <span class='ocrx_word' id='word_1_295' title='bbox 734 3206 800 3248; x_wconf 67' lang='lat' dir='ltr'>¹non</span> <span class='ocrx_word' id='word_1_296' title='bbox 824 3185 1053 3265; x_wconf 73' lang='lat' dir='ltr'>arbitrabatur.</span> <span class='ocrx_word' id='word_1_297' title='bbox 1097 3185 1177 3247; x_wconf 89' lang='lat' dir='ltr'>Inde</span> <span class='ocrx_word' id='word_1_298' title='bbox 1200 3183 1253 3246; x_wconf 90' lang='lat' dir='ltr'>illa</span> <span class='ocrx_word' id='word_1_299' title='bbox 1275 3182 1385 3247; x_wconf 82' lang='lat' dir='ltr'>omnia</span> <span class='ocrx_word' id='word_1_300' title='bbox 1456 3260 1464 3271; x_wconf 29' lang='grc' dir='ltr'>ν</span> 
     </span>
     <span class='ocr_line' id='line_1_33' title="bbox 45 3275 1384 3364; baseline 0.001 -27"><span class='ocrx_word' id='word_1_301' title='bbox 45 3287 125 3343; x_wconf 88' lang='lat' dir='ltr'>nata</span> <span class='ocrx_word' id='word_1_302' title='bbox 147 3289 240 3352; x_wconf 85' lang='lat' dir='ltr'>sunt,</span> <span class='ocrx_word' id='word_1_303' title='bbox 266 3300 345 3361; x_wconf 88' lang='lat' dir='ltr'>quae</span> <span class='ocrx_word' id='word_1_304' title='bbox 368 3298 471 3342; x_wconf 84' lang='lat' dir='ltr'>novae</span> <span class='ocrx_word' id='word_1_305' title='bbox 493 3278 686 3343; x_wconf 83' lang='lat' dir='ltr'>Academiae</span> <span class='ocrx_word' id='word_1_306' title='bbox 710 3280 910 3357; x_wconf 83' lang='lat' dir='ltr'>tribuuntur,</span> <span class='ocrx_word' id='word_1_307' title='bbox 936 3281 1019 3364; x_wconf 80' lang='lat' dir='ltr'>quia</span> <span class='ocrx_word' id='word_1_308' title='bbox 1032 3300 1143 3343; x_wconf 88' lang='lat' dir='ltr'>eorum</span> <span class='ocrx_word' id='word_1_309' title='bbox 1165 3275 1384 3346; x_wconf 85' lang='lat' dir='ltr'>necessitatem</span> 
     </span>
     <span class='ocr_line' id='line_1_34' title="bbox 33 3364 456 3435; baseline 0.012 -6"><span class='ocrx_word' id='word_1_310' title='bbox 33 3364 178 3432; x_wconf 34' lang='lat' dir='ltr'>,veteres</span> <span class='ocrx_word' id='word_1_311' title='bbox 201 3393 264 3434; x_wconf 93' lang='lat' dir='ltr'>non</span> <span class='ocrx_word' id='word_1_312' title='bbox 287 3373 456 3435; x_wconf 77' lang='lat' dir='ltr'>habebant.</span> 
     </span>
    </p>

    <p class='ocr_par' dir='ltr' id='par_1_11' title="bbox 34 3463 1505 4867">
     <span class='ocr_line' id='line_1_35' title="bbox 139 3463 1382 3573; baseline 0.001 -47"><span class='ocrx_word' id='word_1_313' title='bbox 139 3463 192 3527; x_wconf 78' lang='lat'>39.</span> <span class='ocrx_word' id='word_1_314' title='bbox 224 3465 320 3544; x_wconf 86' lang='lat' dir='ltr'>Quod</span> <span class='ocrx_word' id='word_1_315' title='bbox 349 3466 375 3528; x_wconf 89' lang='grc'>71</span> <span class='ocrx_word' id='word_1_316' title='bbox 406 3469 498 3535; x_wconf 88' lang='lat' dir='ltr'>Zeno</span> <span class='ocrx_word' id='word_1_317' title='bbox 522 3469 767 3552; x_wconf 76' lang='lat' dir='ltr'>expergefaetus</span> <span class='ocrx_word' id='word_1_318' title='bbox 791 3480 872 3530; x_wconf 90' lang='lat' dir='ltr'>esset</span> <span class='ocrx_word' id='word_1_319' title='bbox 895 3468 1084 3573; x_wconf 83' lang='lat' dir='ltr'>aliquando,</span> <span class='ocrx_word' id='word_1_320' title='bbox 1121 3479 1152 3530; x_wconf 90' lang='lat' dir='ltr'>et</span> <span class='ocrx_word' id='word_1_321' title='bbox 1173 3466 1305 3529; x_wconf 90' lang='lat' dir='ltr'>vidisset</span> <span class='ocrx_word' id='word_1_322' title='bbox 1327 3487 1382 3527; x_wconf 92' lang='lat' dir='ltr'>ne</span> 
     </span>
     <span class='ocr_line' id='line_1_36' title="bbox 46 3554 1457 3665; baseline 0.005 -45"><span class='ocrx_word' id='word_1_323' title='bbox 46 3579 116 3641; x_wconf 86' lang='lat' dir='ltr'>que</span> <span class='ocrx_word' id='word_1_324' title='bbox 145 3560 317 3642; x_wconf 84' lang='lat' dir='ltr'>quidquam</span> <span class='ocrx_word' id='word_1_325' title='bbox 350 3554 575 3643; x_wconf 85' lang='lat' dir='ltr'>comprehendi</span> <span class='ocrx_word' id='word_1_326' title='bbox 604 3584 719 3643; x_wconf 88' lang='lat' dir='ltr'>posse,</span> <span class='ocrx_word' id='word_1_327' title='bbox 755 3561 816 3629; x_wconf 88' lang='lat' dir='ltr'>nisi</span> <span class='ocrx_word' id='word_1_328' title='bbox 845 3562 971 3644; x_wconf 88' lang='lat' dir='ltr'>quale&#39;</span> <span class='ocrx_word' id='word_1_329' title='bbox 963 3583 1031 3643; x_wconf 85' lang='lat' dir='ltr'>ipse</span> <span class='ocrx_word' id='word_1_330' title='bbox 1054 3560 1241 3636; x_wconf 85' lang='lat' dir='ltr'>deliniebat,</span> <span class='ocrx_word' id='word_1_331' title='bbox 1274 3580 1382 3665; x_wconf 75' lang='lat' dir='ltr'>neque</span> <span class='ocrx_word' id='word_1_332' title='bbox 1455 3608 1457 3612; x_wconf 66' lang='lat'>,</span> 
     </span>
     <span class='ocr_line' id='line_1_37' title="bbox 34 3649 1398 3740; baseline 0.004 -26"><span class='ocrx_word' id='word_1_333' title='bbox 34 3654 118 3727; x_wconf 89' lang='grc'><strong><em>1717</em></strong></span> <span class='ocrx_word' id='word_1_334' title='bbox 141 3652 290 3737; x_wconf 89' lang='lat' dir='ltr'>aliquid</span> <span class='ocrx_word' id='word_1_335' title='bbox 282 3678 318 3717; x_wconf 87' lang='grc'>777</span> <span class='ocrx_word' id='word_1_336' title='bbox 336 3657 529 3737; x_wconf 81' lang='lat' dir='ltr'>corporibus</span> <span class='ocrx_word' id='word_1_337' title='bbox 551 3679 647 3738; x_wconf 79' lang='lat' dir='ltr'>posse</span> <span class='ocrx_word' id='word_1_338' title='bbox 670 3656 821 3731; x_wconf 89' lang='lat' dir='ltr'>inveniri,</span> <span class='ocrx_word' id='word_1_339' title='bbox 861 3656 976 3740; x_wconf 86' lang='lat' dir='ltr'>quibus</span> <span class='ocrx_word' id='word_1_340' title='bbox 998 3655 1050 3718; x_wconf 88' lang='grc'><strong><em>1117</em></strong></span> <span class='ocrx_word' id='word_1_341' title='bbox 1073 3649 1235 3718; x_wconf 79' lang='lat' dir='ltr'>tribuebat</span> <span class='ocrx_word' id='word_1_342' title='bbox 1258 3653 1398 3728; x_wconf 62' lang='lat' dir='ltr'>omnia,</span> 
     </span>
     <span class='ocr_line' id='line_1_38' title="bbox 49 3745 1384 3834; baseline 0.001 -26"><span class='ocrx_word' id='word_1_343' title='bbox 49 3745 286 3828; x_wconf 82' lang='lat' dir='ltr'>olimprersus</span> <span class='ocrx_word' id='word_1_344' title='bbox 309 3750 372 3812; x_wconf 90' lang='lat' dir='ltr'>hee</span> <span class='ocrx_word' id='word_1_345' title='bbox 395 3772 494 3834; x_wconf 84' lang='lat' dir='ltr'>genus</span> <span class='ocrx_word' id='word_1_346' title='bbox 519 3750 783 3832; x_wconf 87' lang='lat' dir='ltr'>disputationum,</span> <span class='ocrx_word' id='word_1_347' title='bbox 809 3752 896 3833; x_wconf 88' lang='lat' dir='ltr'>quod</span> <span class='ocrx_word' id='word_1_348' title='bbox 919 3771 1033 3832; x_wconf 84' lang='lat' dir='ltr'>magna</span> <span class='ocrx_word' id='word_1_349' title='bbox 1057 3748 1246 3811; x_wconf 82' lang='lat' dir='ltr'>necessitate</span> <span class='ocrx_word' id='word_1_350' title='bbox 1266 3748 1384 3832; x_wconf 78' lang='lat' dir='ltr'>flagra-</span> 
     </span>
     <span class='ocr_line' id='line_1_39' title="bbox 47 3841 1415 3946; baseline 0.001 -44"><span class='ocrx_word' id='word_1_351' title='bbox 47 3854 168 3946; x_wconf 74' lang='lat' dir='ltr'>verat,</span> <span class='ocrx_word' id='word_1_352' title='bbox 206 3841 319 3907; x_wconf 82' lang='lat' dir='ltr'>suisset</span> <span class='ocrx_word' id='word_1_353' title='bbox 347 3843 548 3925; x_wconf 78' lang='lat' dir='ltr'>exstinctum.</span> <span class='ocrx_word' id='word_1_354' title='bbox 607 3848 672 3909; x_wconf 86' lang='lat' dir='ltr'>Sed</span> <span class='ocrx_word' id='word_1_355' title='bbox 706 3847 796 3909; x_wconf 84' lang='lat' dir='ltr'>Zeno</span> <span class='ocrx_word' id='word_1_356' title='bbox 827 3844 961 3927; x_wconf 82' lang='lat' dir='ltr'>imagine</span> <span class='ocrx_word' id='word_1_357' title='bbox 991 3843 1186 3908; x_wconf 84' lang='lat' dir='ltr'>constantiae</span> <span class='ocrx_word' id='word_1_358' title='bbox 1214 3845 1382 3923; x_wconf 87' lang='lat' dir='ltr'>deeeptus,</span> <span class='ocrx_word' id='word_1_359' title='bbox 1409 3902 1415 3913; x_wconf 14' lang='grc' dir='ltr'><strong>χ</strong></span> 
     </span>
     <span class='ocr_line' id='line_1_40' title="bbox 45 3934 1384 4019; baseline 0.001 -24"><span class='ocrx_word' id='word_1_360' title='bbox 45 3947 91 4003; x_wconf 75' lang='grc'>771</span> <span class='ocrx_word' id='word_1_361' title='bbox 119 3934 196 4017; x_wconf 88' lang='lat' dir='ltr'>ipsis</span> <span class='ocrx_word' id='word_1_362' title='bbox 222 3937 422 4000; x_wconf 85' lang='lat' dir='ltr'>Academicis</span> <span class='ocrx_word' id='word_1_363' title='bbox 444 3938 630 4015; x_wconf 81' lang='lat' dir='ltr'>videbatur,</span> <span class='ocrx_word' id='word_1_364' title='bbox 669 3960 727 4000; x_wconf 85' lang='lat' dir='ltr'>nee</span> <span class='ocrx_word' id='word_1_365' title='bbox 749 3938 825 4001; x_wconf 91' lang='lat' dir='ltr'>mibi</span> <span class='ocrx_word' id='word_1_366' title='bbox 847 3939 940 4000; x_wconf 88' lang='lat' dir='ltr'>etiarn</span> <span class='ocrx_word' id='word_1_367' title='bbox 962 3959 1026 4001; x_wconf 91' lang='lat' dir='ltr'>non</span> <span class='ocrx_word' id='word_1_368' title='bbox 1049 3938 1226 4014; x_wconf 85' lang='lat' dir='ltr'>videtur,</span> <span class='ocrx_word' id='word_1_369' title='bbox 1218 3937 1384 4019; x_wconf 76' lang='lat' dir='ltr'>pertinax</span> 
     </span>
     <span class='ocr_line' id='line_1_41' title="bbox 49 4027 1484 4138; baseline -0.001 -46"><span class='ocrx_word' id='word_1_370' title='bbox 49 4027 142 4093; x_wconf 83' lang='lat' dir='ltr'>fuit·</span> <span class='ocrx_word' id='word_1_371' title='bbox 174 4030 316 4114; x_wconf 83' lang='lat' dir='ltr'>fidesque</span> <span class='ocrx_word' id='word_1_372' title='bbox 344 4031 396 4094; x_wconf 88' lang='lat' dir='ltr'>illa</span> <span class='ocrx_word' id='word_1_373' title='bbox 425 4053 601 4138; x_wconf 79' lang='lat' dir='ltr'>corporum</span> <span class='ocrx_word' id='word_1_374' title='bbox 628 4032 808 4138; x_wconf 75' lang='lat' dir='ltr'>perpiciosa</span> <span class='ocrx_word' id='word_1_375' title='bbox 837 4053 969 4115; x_wconf 90' lang='lat' dir='ltr'>quoquo</span> <span class='ocrx_word' id='word_1_376' title='bbox 996 4035 1092 4095; x_wconf 88' lang='lat' dir='ltr'>modo</span> <span class='ocrx_word' id='word_1_377' title='bbox 1113 4031 1219 4137; x_wconf 76' lang='lat' dir='ltr'>pptuit</span> <span class='ocrx_word' id='word_1_378' title='bbox 1241 4030 1385 4112; x_wconf 83' lang='lat' dir='ltr'>pervixit</span> <span class='ocrx_word' id='word_1_379' title='bbox 1479 4044 1484 4049; x_wconf 71' lang='grc'><strong><em>“</em></strong></span> 
     </span>
     <span class='ocr_line' id='line_1_42' title="bbox 50 4121 1383 4208; baseline 0.002 -24"><span class='ocrx_word' id='word_1_380' title='bbox 50 4123 87 4184; x_wconf 86' lang='lat' dir='ltr'>in</span> <span class='ocrx_word' id='word_1_381' title='bbox 120 4121 353 4206; x_wconf 83' lang='lat' dir='ltr'>Chrysippum,</span> <span class='ocrx_word' id='word_1_382' title='bbox 390 4125 443 4208; x_wconf 90' lang='lat' dir='ltr'>qui</span> <span class='ocrx_word' id='word_1_383' title='bbox 466 4126 494 4188; x_wconf 91' lang='lat' dir='ltr'>ei</span> <span class='ocrx_word' id='word_1_384' title='bbox 516 4128 601 4206; x_wconf 86' lang='lat' dir='ltr'>(nam</span> <span class='ocrx_word' id='word_1_385' title='bbox 624 4126 758 4188; x_wconf 88' lang='lat' dir='ltr'>maxime</span> <span class='ocrx_word' id='word_1_386' title='bbox 786 4130 928 4206; x_wconf 86' lang='lat' dir='ltr'>poterat)</span> <span class='ocrx_word' id='word_1_387' title='bbox 957 4148 1087 4208; x_wconf 86' lang='lat' dir='ltr'>magnas</span> <span class='ocrx_word' id='word_1_388' title='bbox 1115 4125 1202 4189; x_wconf 89' lang='lat' dir='ltr'>vires</span> <span class='ocrx_word' id='word_1_389' title='bbox 1231 4127 1326 4188; x_wconf 88' lang='lat' dir='ltr'>latius</span> <span class='ocrx_word' id='word_1_390' title='bbox 1346 4144 1383 4187; x_wconf 88' lang='lat' dir='ltr'>se</span> 
     </span>
     <span class='ocr_line' id='line_1_43' title="bbox 52 4206 1454 4302; baseline 0.001 -26"><span class='ocrx_word' id='word_1_391' title='bbox 52 4206 249 4281; x_wconf 80' lang='lat' dir='ltr'>diffundendi</span> <span class='ocrx_word' id='word_1_392' title='bbox 278 4221 390 4294; x_wconf 85' lang='lat' dir='ltr'>dabat,</span> <span class='ocrx_word' id='word_1_393' title='bbox 426 4219 486 4281; x_wconf 90' lang='lat' dir='ltr'>nisi</span> <span class='ocrx_word' id='word_1_394' title='bbox 514 4242 556 4283; x_wconf 84' lang='lat' dir='ltr'>ex</span> <span class='ocrx_word' id='word_1_395' title='bbox 585 4213 638 4282; x_wconf 91' lang='lat' dir='ltr'>illa</span> <span class='ocrx_word' id='word_1_396' title='bbox 664 4220 756 4302; x_wconf 84' lang='lat' dir='ltr'>parte</span> <span class='ocrx_word' id='word_1_397' title='bbox 785 4219 965 4284; x_wconf 80' lang='lat' dir='ltr'>Carneades</span> <span class='ocrx_word' id='word_1_398' title='bbox 995 4219 1101 4282; x_wconf 84' lang='lat' dir='ltr'>aerior</span> <span class='ocrx_word' id='word_1_399' title='bbox 1133 4230 1165 4280; x_wconf 89' lang='lat' dir='ltr'>et</span> <span class='ocrx_word' id='word_1_400' title='bbox 1196 4217 1383 4302; x_wconf 82' lang='lat' dir='ltr'>vigilantior</span> <span class='ocrx_word' id='word_1_401' title='bbox 1452 4216 1454 4220; x_wconf 71' lang='grc'>’</span> 
     </span>
     <span class='ocr_line' id='line_1_44' title="bbox 52 4310 1505 4395; baseline -0.001 -21"><span class='ocrx_word' id='word_1_402' title='bbox 52 4310 281 4391; x_wconf 86' lang='lat' dir='ltr'>superioribus</span> <span class='ocrx_word' id='word_1_403' title='bbox 309 4314 422 4392; x_wconf 84' lang='lat' dir='ltr'>ceteris</span> <span class='ocrx_word' id='word_1_404' title='bbox 451 4313 495 4377; x_wconf 88' lang='grc'>117</span> <span class='ocrx_word' id='word_1_405' title='bbox 525 4314 712 4391; x_wconf 84' lang='lat' dir='ltr'>restitisset,</span> <span class='ocrx_word' id='word_1_406' title='bbox 748 4327 783 4377; x_wconf 89' lang='lat' dir='ltr'>ut</span> <span class='ocrx_word' id='word_1_407' title='bbox 802 4314 907 4376; x_wconf 86' lang='lat' dir='ltr'>mirer</span> <span class='ocrx_word' id='word_1_408' title='bbox 939 4313 1021 4376; x_wconf 87' lang='lat' dir='ltr'>illam</span> <span class='ocrx_word' id='word_1_409' title='bbox 1053 4313 1237 4394; x_wconf 87' lang='lat' dir='ltr'>opinionem</span> <span class='ocrx_word' id='word_1_410' title='bbox 1267 4312 1434 4395; x_wconf 77' lang='lat' dir='ltr'>aliquid.</span> <span class='ocrx_word' id='word_1_411' title='bbox 1498 4372 1505 4383; x_wconf 60' lang='grc'><strong>,</strong></span> 
     </span>
     <span class='ocr_line' id='line_1_45' title="bbox 53 4403 1385 4491; baseline -0.002 -25"><span class='ocrx_word' id='word_1_412' title='bbox 53 4404 150 4466; x_wconf 87' lang='lat' dir='ltr'>etiam</span> <span class='ocrx_word' id='word_1_413' title='bbox 179 4418 292 4491; x_wconf 81' lang='lat' dir='ltr'>postea</span> <span class='ocrx_word' id='word_1_414' title='bbox 324 4408 472 4470; x_wconf 86' lang='lat' dir='ltr'>valuisse.</span> <span class='ocrx_word' id='word_1_415' title='bbox 537 4403 683 4491; x_wconf 87' lang='lat' dir='ltr'>Namque</span> <span class='ocrx_word' id='word_1_416' title='bbox 715 4407 894 4471; x_wconf 87' lang='lat' dir='ltr'>Carneades</span> <span class='ocrx_word' id='word_1_417' title='bbox 924 4408 1045 4489; x_wconf 89' lang='lat' dir='ltr'>primo</span> <span class='ocrx_word' id='word_1_418' title='bbox 1062 4409 1146 4469; x_wconf 88' lang='lat' dir='ltr'>illam</span> <span class='ocrx_word' id='word_1_419' title='bbox 1174 4409 1263 4470; x_wconf 89' lang='lat' dir='ltr'>velut</span> <span class='ocrx_word' id='word_1_420' title='bbox 1298 4405 1385 4466; x_wconf 88' lang='lat' dir='ltr'>calu-</span> 
     </span>
     <span class='ocr_line' id='line_1_46' title="bbox 50 4496 1385 4588; baseline -0.001 -30"><span class='ocrx_word' id='word_1_421' title='bbox 50 4496 194 4567; x_wconf 80' lang='lat' dir='ltr'>mniandi</span> <span class='ocrx_word' id='word_1_422' title='bbox 221 4500 464 4588; x_wconf 88' lang='lat' dir='ltr'>impudentiam,</span> <span class='ocrx_word' id='word_1_423' title='bbox 501 4523 564 4585; x_wconf 91' lang='lat' dir='ltr'>qna</span> <span class='ocrx_word' id='word_1_424' title='bbox 594 4501 719 4567; x_wconf 88' lang='lat' dir='ltr'>videbat</span> <span class='ocrx_word' id='word_1_425' title='bbox 741 4502 917 4569; x_wconf 86' lang='lat' dir='ltr'>Arcesilam</span> <span class='ocrx_word' id='word_1_426' title='bbox 939 4522 1003 4565; x_wconf 91' lang='lat' dir='ltr'>non</span> <span class='ocrx_word' id='word_1_427' title='bbox 1027 4501 1232 4565; x_wconf 85' lang='lat' dir='ltr'>mediocriter</span> <span class='ocrx_word' id='word_1_428' title='bbox 1252 4497 1385 4561; x_wconf 82' lang='lat' dir='ltr'>insama</span> 
     </span>
     <span class='ocr_line' id='line_1_47' title="bbox 52 4585 1385 4679; baseline 0.002 -24"><span class='ocrx_word' id='word_1_429' title='bbox 52 4605 141 4667; x_wconf 89' lang='lat' dir='ltr'>tum,</span> <span class='ocrx_word' id='word_1_430' title='bbox 166 4586 329 4675; x_wconf 86' lang='lat' dir='ltr'>deposuit,</span> <span class='ocrx_word' id='word_1_431' title='bbox 363 4617 402 4677; x_wconf 88' lang='lat' dir='ltr'>ne</span> <span class='ocrx_word' id='word_1_432' title='bbox 423 4608 534 4660; x_wconf 87' lang='lat' dir='ltr'>eontra</span> <span class='ocrx_word' id='word_1_433' title='bbox 557 4595 662 4661; x_wconf 84' lang='lat' dir='ltr'>omnia</span> <span class='ocrx_word' id='word_1_434' title='bbox 684 4594 765 4657; x_wconf 86' lang='lat' dir='ltr'>velle</span> <span class='ocrx_word' id='word_1_435' title='bbox 789 4585 894 4658; x_wconf 87' lang='lat' dir='ltr'>dicere</span> <span class='ocrx_word' id='word_1_436' title='bbox 918 4595 1008 4679; x_wconf 89' lang='lat' dir='ltr'>quasi</span> <span class='ocrx_word' id='word_1_437' title='bbox 1030 4594 1251 4659; x_wconf 87' lang='lat' dir='ltr'>ostentationis</span> <span class='ocrx_word' id='word_1_438' title='bbox 1271 4611 1385 4658; x_wconf 76' lang='lat' dir='ltr'>cavisse</span> 
     </span>
     <span class='ocr_line' id='line_1_48' title="bbox 53 4685 1386 4775; baseline -0.002 -25"><span class='ocrx_word' id='word_1_439' title='bbox 53 4686 240 4753; x_wconf 88' lang='lat' dir='ltr'>videretur:</span> <span class='ocrx_word' id='word_1_440' title='bbox 266 4690 352 4755; x_wconf 89' lang='lat' dir='ltr'>sed</span> <span class='ocrx_word' id='word_1_441' title='bbox 344 4709 432 4772; x_wconf 80' lang='lat' dir='ltr'>ipsos</span> <span class='ocrx_word' id='word_1_442' title='bbox 454 4688 586 4772; x_wconf 85' lang='lat' dir='ltr'>proprie</span> <span class='ocrx_word' id='word_1_443' title='bbox 608 4688 669 4751; x_wconf 88' lang='lat' dir='ltr'>sibi</span> <span class='ocrx_word' id='word_1_444' title='bbox 692 4689 819 4753; x_wconf 88' lang='lat' dir='ltr'>Stoicos</span> <span class='ocrx_word' id='word_1_445' title='bbox 841 4701 937 4774; x_wconf 82' lang='lat' dir='ltr'>atque</span> <span class='ocrx_word' id='word_1_446' title='bbox 961 4689 1178 4775; x_wconf 88' lang='lat' dir='ltr'>Chrysippum</span> <span class='ocrx_word' id='word_1_447' title='bbox 1200 4685 1386 4753; x_wconf 87' lang='lat' dir='ltr'>convellen</span> 
     </span>
     <span class='ocr_line' id='line_1_49' title="bbox 52 4783 618 4867; baseline 0 -23"><span class='ocrx_word' id='word_1_448' title='bbox 52 4784 115 4846; x_wconf 85' lang='lat' dir='ltr'>dos</span> <span class='ocrx_word' id='word_1_449' title='bbox 138 4787 393 4867; x_wconf 88' lang='lat' dir='ltr'>evertendosque</span> <span class='ocrx_word' id='word_1_450' title='bbox 417 4783 618 4865; x_wconf 81' lang='lat' dir='ltr'>proposuit.</span> 
     </span>
    </p>

    <p class='ocr_par' dir='ltr' id='par_1_12' title="bbox 53 4874 1442 5055">
     <span class='ocr_line' id='line_1_50' title="bbox 141 4874 1442 4999; baseline 0.002 -61"><span class='ocrx_word' id='word_1_451' title='bbox 141 4877 279 4941; x_wconf 80' lang='lat' dir='ltr'><strong>XVIII.</strong></span> <span class='ocrx_word' id='word_1_452' title='bbox 310 4879 363 4940; x_wconf 82' lang='grc'>10.</span> <span class='ocrx_word' id='word_1_453' title='bbox 394 4877 518 4941; x_wconf 87' lang='lat' dir='ltr'>Deinde</span> <span class='ocrx_word' id='word_1_454' title='bbox 542 4899 637 4960; x_wconf 87' lang='lat' dir='ltr'>quum</span> <span class='ocrx_word' id='word_1_455' title='bbox 665 4876 803 4962; x_wconf 73' lang='lat' dir='ltr'>trudique</span> <span class='ocrx_word' id='word_1_456' title='bbox 831 4888 1063 4966; x_wconf 88' lang='lat' dir='ltr'>premeretur,</span> <span class='ocrx_word' id='word_1_457' title='bbox 1086 4876 1113 4940; x_wconf 90' lang='grc'>71</span> <span class='ocrx_word' id='word_1_458' title='bbox 1132 4874 1255 4940; x_wconf 85' lang='grc'><strong><em>7777111</em></strong></span> <span class='ocrx_word' id='word_1_459' title='bbox 1233 4875 1280 4938; x_wconf 83' lang='grc'>771</span> <span class='ocrx_word' id='word_1_460' title='bbox 1302 4887 1442 4999; x_wconf 43' lang='lat' dir='ltr'>essetf</span> 
     </span>
     <span class='ocr_line' id='line_1_51' title="bbox 53 4946 1383 5085; baseline 0.002 -53"><span class='ocrx_word' id='word_1_461' title='bbox 53 4959 219 5045; x_wconf 80' lang='lat' dir='ltr'>assensus,</span> <span class='ocrx_word' id='word_1_462' title='bbox 244 4970 325 5040; x_wconf 90' lang='lat' dir='ltr'>nihil</span> <span class='ocrx_word' id='word_1_463' title='bbox 345 4983 487 5045; x_wconf 82' lang='lat' dir='ltr'>acturum</span> <span class='ocrx_word' id='word_1_464' title='bbox 509 4992 578 5035; x_wconf 87' lang='lat' dir='ltr'>esse</span> <span class='ocrx_word' id='word_1_465' title='bbox 600 4971 771 5054; x_wconf 87' lang='lat' dir='ltr'>sapientem</span> <span class='ocrx_word' id='word_1_466' title='bbox 795 4974 829 5053; x_wconf 87' lang='grc' dir='ltr'>(ο</span> <span class='ocrx_word' id='word_1_467' title='bbox 851 4972 1010 5074; x_wconf 86' lang='lat' dir='ltr'>hominem</span> <span class='ocrx_word' id='word_1_468' title='bbox 1032 4946 1162 5034; x_wconf 87' lang='lat' dir='ltr'>niiruml</span> <span class='ocrx_word' id='word_1_469' title='bbox 1186 4981 1281 5085; x_wconf 79' lang='lat' dir='ltr'>atque</span> <span class='ocrx_word' id='word_1_470' title='bbox 1303 4971 1383 5035; x_wconf 86' lang='lat' dir='ltr'>adeo</span> 
     </span>
    </p>
   </div>
   <div class='ocr_carea' id='block_1_6' title="bbox 715 5134 802 5201">
    <p class='ocr_par' dir='ltr' id='par_1_13' title="bbox 715 5134 802 5201">
     <span class='ocr_line' id='line_1_52' title="bbox 715 5134 802 5201; baseline 0 0"><span class='ocrx_word' id='word_1_471' title='bbox 715 5134 745 5201; x_wconf 61' lang='grc'>1</span> <span class='ocrx_word' id='word_1_472' title='bbox 799 5190 802 5201; x_wconf 72' lang='grc'>,</span> 
     </span>
    </p>
   </div>
   <div class='ocr_carea' id='block_1_7' title="bbox 0 0 1598 5492">
    <p class='ocr_par' dir='ltr' id='par_1_14' title="bbox 0 0 1598 5492">
     <span class='ocr_line' id='line_1_53' title="bbox 0 0 1598 5492; baseline 0 1"><span class='ocrx_word' id='word_1_473' title='bbox 0 0 1598 5492; x_wconf 95' lang='lat' dir='ltr'> </span> 
     </span>
    </p>
   </div>
  </div>
 </body>
</html>
