3188 5492
203 417 265 481 ιιι
473 410 476 421 ’
626 418 823 488 ananau
857 418 1113 489 suansrtut
1158 364 1164 375 ¹

205 558 310 625 dixisti
326 582 406 637 esse,
431 582 569 644 semper¹
581 582 754 647 quaerere,
778 572 809 625 et
824 579 983 647 utinquam
999 558 1155 625 invenire.
1202 559 1312 641 Quid?
1327 558 1354 622 si
1370 559 1512 646 quisquan

205 654 282 717 nihil
305 666 455 737 quaerat,
483 665 514 720 et
536 655 775 741 iuterrogatus,
801 654 891 718 serbi
914 653 1038 739 gratia,
1063 664 1242 717 utrumnam
1265 657 1363 718 modo
1385 656 1446 717 dies
1466 658 1513 733 sit,

204 758 325 812 temere
347 749 517 834 statimque
540 762 666 814 noctem
688 771 758 815 esse
782 750 932 833 opinetur
953 761 1049 835 atque
1090 751 1325 831 respoudeat„
1343 770 1444 812 nonne
1468 751 1514 813 tibi

203 840 332 923 videtur
353 843 485 907 errare?
518 844 594 909 Hoc
614 843 714 929 igitur
736 844 858 908 erroris
881 864 984 930 genus
1006 844 1060 907 vel
1085 841 1340 909 immanissimum
1364 866 1425 907 non
1446 865 1516 908 rom·

202 934 298 1016 plexa
314 947 361 998 est
377 936 519 1002 definitio
534 950 600 1001 tua.
645 935 756 1019 Quid?
771 937 798 1001 si
819 937 912 1001 etiam
934 959 998 1003 non
1014 947 1166 1017 ,errantes
1187 938 1357 1019 complexa
1380 952 1437 1014 est,
1458 951 1517 1022 pot·

202 1040 290 1092 estne
319 1028 461 1095 definitio
490 1031 555 1095 ulia
577 1052 654 1117 esse,
669 1030 843 1097 vitiosior?
879 1033 961 1097 Nam
985 1032 1014 1096 si
1036 1031 1106 1116 quis
1115 1031 1362 1117 Alexandriam
1385 1047 1514 1117 ιιιιιιιιι,

203 1134 236 1186 et
258 1125 297 1187 ad
319 1144 387 1187 eam
403 1135 493 1188 recto
509 1137 626 1211 pergat
641 1125 767 1200 itinere,
791 1147 867 1203 non,
888 1125 1017 1210 opinor,
1034 1138 1128 1209 potes
1142 1147 1215 1189 eum
1229 1139 1390 1193 errantem
1408 1150 1517 1193 vocare.

175 1215 317 1301 Quid?
338 1217 366 1297 si
388 1221 518 1283 eandem
540 1219 625 1283 viam
649 1220 745 1283 variis
765 1218 936 1303 impeditus
955 1221 1096 1297 eaussu,
1134 1219 1236 1304 longo
1264 1232 1341 1306 agat
1372 1235 1516 1304 tempore,

144 1394 147 1413 Ι
203 1320 235 1387 et
257 1312 287 1373 in
310 1333 348 1373 ea
370 1325 472 1378 morte
493 1311 739 1397 praeveniatur,
770 1335 876 1379 noune
898 1326 931 1378 et
952 1335 1081 1397 semper
1103 1313 1278 1398 qnaesivit,
1313 1326 1347 1379 et
1381 1337 1525 1402 nunquan.

201 1403 339 1483 invenit,
364 1427 423 1473 nee
446 1407 567 1471 erravit
588 1407 718 1471 tamen?
741 1410 836 1486 Non,
860 1409 963 1494 inquit
983 1410 1054 1485 itte,
1077 1428 1207 1492 semper
1228 1409 1401 1493 qnaesivit.

288 1499 340 1561 tt.
365 1499 467 1567 Recte
490 1500 590 1577 dicis,
614 1502 657 1565 ait
679 1502 863 1579 Licentius,
886 1514 920 1568 et
940 1507 1021 1567 bene
1037 1506 1200 1567 admones.
1247 1505 1328 1569 Inde
1345 1503 1428 1566 euim
1442 1523 1522 1585 pror·

201 1611 254 1657 sus
270 1590 347 1655 nibil
362 1596 402 1655 ad
423 1617 490 1661 rem
506 1596 645 1677 pertinet
667 1597 807 1663 definitio
830 1611 904 1663 tua:
929 1620 995 1661 non
1018 1599 1100 1661 enim
1123 1618 1187 1683 ego
1211 1599 1338 1661 beatum
1363 1619 1433 1661 esse
1454 1597 1517 1674 diri,

165 1681 169 1689 ’
202 1692 255 1775 qni
278 1709 404 1770 semper
426 1702 559 1773 quaerat
582 1694 761 1755 veritatem.
794 1693 917 1779 ⁴Quod
933 1697 978 1773 'ne
999 1692 1070 1759 fieri
1092 1691 1219 1776 quidem
1241 1703 1375 1773 potest:
1413 1692 1519 1774 prino,

201 1785 362 1869 quianon
385 1805 512 1868 semper
534 1787 631 1851 bomo
654 1798 721 1850 est:
752 1787 882 1864 deinde,
921 1786 995 1872 quia
1017 1806 1081 1850 uon
1105 1808 1145 1849 ex
1169 1807 1235 1871 qno
1259 1797 1408 1867 tempore
1430 1786 1521 1868 incipit

201 1901 271 1945 osse
292 1882 411 1956 homo,
442 1901 482 1945 eo
505 1879 563 1942 iam
585 1892 714 1963 potest,
738 1893 841 1945 aetate
863 1881 1069 1963 impediente,
1111 1902 1221 1945 sertim
1242 1901 1417 1964 quaerere.
1469 1882 1522 1944 Aut

201 1974 230 2039 si
250 1996 378 2057 semper
399 1973 433 2037 id
454 1985 547 2056 putas
570 1974 755 2055 dicendum,
785 1976 812 2038 si
835 1975 913 2039 nihil
935 1975 1089 2058 temporis
1112 1996 1177 2058 quo
1200 1975 1261 2039 iam
1284 1996 1442 2058 quaerere
1462 1985 1522 2055 pot-

201 2080 267 2143 est,
297 2067 404 2151 perire
426 2068 566 2150 patitur,
598 2091 709 2132 rursus
730 2070 787 2133 tibi
806 2068 1036 2135 Alexandriam
1052 2071 1245 2133 redeundum
1260 2082 1324 2132 est.
1373 2071 1441 2132 Fac
1455 2068 1522 2132 enin

202 2183 412 2246 quemquam,
447 2183 489 2227 ex
510 2183 576 2248 quo
598 2174 745 2244 tempore
766 2164 830 2227 iter
847 2185 951 2248 ⁸agere
975 2164 1026 2241 vel
1049 2175 1150 2229 aetate
1173 2164 1224 2225 vel
1246 2162 1385 2247 negotio
1408 2162 1521 2232 sinitur,

201 2276 339 2340 pergere
355 2255 502 2338 occipere
518 2255 601 2321 illam
619 2258 721 2334 siam,
746 2270 843 2343 atquc
858 2269 1005 2340 utsupra
1022 2257 1107 2332 dixi,
1133 2277 1229 2340 quum
1243 2256 1354 2323 deviet
1372 2275 1521 2339 nusquam,

201 2361 370 2436 autequam
392 2351 575 2432 perveniat,
599 2362 704 2414 tamen
725 2353 790 2414 vita
814 2354 989 2428 excedere,
1013 2352 1146 2415 multum
1168 2350 1321 2432 profecto
1344 2351 1484 2424 errabis,
1503 2346 1524 2409 si

203 2443 264 2507 tibi
296 2452 420 2506 errasse
449 2443 507 2507 iste
537 2444 714 2520 videbitur;
752 2447 897 2532 quamvis
928 2446 1015 2519 omni
1044 2466 1109 2530 quo
1139 2444 1245 2526 potuit
1276 2457 1444 2525 tempore,
1476 2462 1522 2504 nec

205 2557 358 2621 quaerere
381 2537 528 2614 desierit,
553 2560 612 2603 nec
633 2539 776 2604 invenire
798 2540 1029 2625 potueritque
1051 2538 1223 2622 pergebat.
1268 2535 1522 2616 Quamobremsi

202 2641 235 2693 et
256 2652 324 2696 mea
346 2631 518 2714 descriptio
542 2655 618 2696 vera
640 2645 725 2709 est,
744 2647 777 2698 et
803 2637 972 2697 secundum
995 2653 1063 2697 eam
1086 2653 1149 2696 non
1173 2641 1258 2694 errat
1279 2630 1358 2709 ille,
1386 2632 1442 2719 qui
1464 2652 1522 2715 per·

97 2812 99 2825 ι
202 2724 286 2788 lecte
308 2727 450 2809 quaeerit,
490 2727 632 2811 quamvis
655 2748 720 2792 non
740 2728 1093 2811 inveniat‘veritetem,
1132 2728 1306 2809 beatusque
1329 2740 1381 2791 est
1405 2730 1522 2792 obeam
1553 2758 1558 2773 ι

202 2840 293 2896 rem,
331 2824 418 2905 quod
445 2823 617 2905 secundum
645 2822 799 2885 rationem
829 2821 933 2889 visit:
972 2833 1024 2901 ιιιι
1055 2841 1135 2885 vero
1165 2821 1304 2887 definitio
1329 2833 1363 2884 et
1385 2822 1523 2886 fenestrata

203 2925 270 2990 cst,
294 2926 325 2977 et
348 2915 374 2978 si
396 2936 462 2979 non
482 2926 586 2991 esset,
611 2915 689 2979 uibil
711 2938 779 2980 eam
801 2937 915 2983 entrare
938 2918 1109 2990 deberem,
1145 2916 1173 2981 si
1196 2937 1236 2976 ex
1258 2936 1298 2979 eo
1320 2918 1428 2979 solum
1450 2914 1523 2996 quod

203 3028 266 3092 ego
289 3008 434 3085 delinivi,
459 3013 537 3073 satis
552 3031 665 3081 caussa
679 3012 803 3079 firmata
819 3016 886 3077 est':
910 3032 979 3086 cur,
1003 3029 1134 3094 quaeso,
1153 3010 1293 3073 nondum
1315 3022 1366 3072 est
1381 3011 1441 3074 ista
1455 3008 1527 3072 inter.

203 3122 263 3183 nos
285 3104 430 3185 quaestio
454 3104 632 3183 dissoluta?
697 3168 711 3193 x

288 3197 334 3259 V.
360 3199 410 3261 13.
435 3200 499 3263 Hic
523 3201 725 3308 'l'rygotiust
755 3201 884 3276 Dasne,
917 3198 1040 3284 inquit,
1075 3197 1260 3279 sapientiam
1290 3212 1412 3262 rectam
1441 3197 1523 3262 vitam

204 3288 289 3353 ritae
312 3291 406 3355 esse?
439 3295 512 3368 Do,
543 3294 664 3379 inquit,
693 3295 767 3358 sine
790 3294 909 3360 dubio:
948 3295 1004 3357 sed
1025 3303 1127 3355 tamen
1150 3294 1229 3356 volo
1252 3291 1330 3355 mibi
1351 3293 1523 3377 sapientiam

204 3364 346 3467 definias,
371 3398 407 3449 ιιι
428 3387 536 3464 sebui,
562 3402 668 3451 utrum
689 3410 772 3481 quae
794 3389 883 3463 mihi,
908 3389 1016 3451 eadem
1036 3385 1096 3448 tibi
1116 3406 1186 3448 esse
1205 3384 1365 3451 videatur.
1411 3389 1454 3453 Et
1466 3385 1521 3449 itte

87 3528 90 3535 .
204 3479 324 3556 Parum
348 3479 417 3557 tibi,
442 3481 503 3555 ait,
529 3482 655 3547 videtur
676 3480 804 3546 delinita
825 3480 919 3547 hoc
910 3501 994 3563 ipso,
1018 3481 1108 3565 qttod
1129 3501 1212 3541 uuuc
1233 3480 1454 3566 interrogatus
1474 3475 1523 3542 es?

204 3573 308 3641 Etiam
331 3577 418 3658 quod
440 3566 528 3641 volui
550 3577 748 3641 concessisti.
794 3575 829 3677 S'i
851 3575 932 3639 enim
956 3595 1019 3638 nou
1041 3572 1156 3650 fallor,
1182 3594 1247 3637 nou
1267 3574 1353 3638 falso
1375 3588 1464 3638 recta
1481 3570 1523 3635 vis

205 3667 287 3735 vitae
309 3668 463 3773 sapientia
485 3670 676 3735 nominatur.
733 3645 817 3735 ΤιιιιιΙ
832 3668 1026 3733 OEieentius·
1063 3667 1141 3733 nibil
1164 3669 1237 3730 mihi
1261 3681 1323 3731 tam
1346 3670 1521 3738 ridiculum,

205 3781 298 3842 quarn
326 3761 387 3828 ista
411 3764 551 3829 definitio
585 3766 733 3842 videtur,
769 3764 886 3850 inquit.
945 3765 1118 3836 Fortasse,
1157 3762 1201 3824 nit
1227 3759 1304 3825 ille.
1339 3760 1522 3845 pedetentim

202 3864 309 3918 tamen
332 3876 472 3939 quaeso,
496 3870 532 3921 ιιι
553 3860 636 3924 ratio
658 3860 844 3943 praeveniat
865 3859 962 3922 risum
990 3869 1098 3921 utinm:
1135 3855 1211 3920 nihil
1234 3857 1316 3923 enisis
1338 3854 1522 3925 auloedos

87 4032 92 4045 Ι
204 3947 272 4011 risu
287 3948 436 4015 irrisione
452 3952 649 4037 dignissimo.
697 3955 782 4036 Quid
802 3951 901 4016 enim?
923 3952 966 4015 ait
984 3950 1056 4028 ille,
1078 3970 1185 4029 *nonne
1206 3949 1317 4015 fateris
1339 3952 1425 4015 vitae
1446 3968 1528 4013 mor.

204 4052 360 4115 temesae
383 4039 600 4130 contrariam?
633 4047 772 4123 Fateor,
797 4047 852 4110 nit.
907 4046 992 4110 Mihi
1013 4045 1130 4131 igitur,
1155 4045 1257 4129 inquit
1278 4045 1350 4120 ille,
1376 4045 1428 4108 via
1451 4043 1522 4105 vitae

204 4135 298 4211 natta,
312 4137 414 4222 magis
436 4138 579 4218 videtur,
605 4163 699 4226 quam
722 4163 772 4217 ea,
797 4163 860 4226 qua
881 4141 1017 4224 quisque
1039 4139 1157 4224 pergit,
1181 4160 1221 4202 ne
1242 4138 1275 4201 in
1296 4150 1434 4205 mortem
1455 4133 1522 4199 inei·

203 4229 273 4314 dat,
322 4229 565 4315 Assentiebatur
587 4236 776 4319 Trygetius.
829 4237 932 4318 Ergo·
945 4234 973 4300 si
993 4233 1100 4308 viator
1122 4232 1278 4319 quispiam
1299 4231 1521 4296 deverticulum

179 4321 325 4402 vitam,
350 4327 438 4410 quod
461 4328 676 4411 alatronibus
700 4327 841 4392 obsideri
863 4328 1012 4405 audierit,
1036 4339 1124 4393 recta
1146 4327 1193 4390 ire
1215 4337 1350 4411 pergat,
1377 4339 1471 4409 atque
1483 4322 1521 4384 ita

203 4419 318 4483 evadat
339 4417 525 4503 interitum,
543 4443 648 4503 nonne
670 4433 702 4485 et
726 4422 810 4484 viam
835 4421 936 4498 vitae,
961 4434 993 4486 et
1014 4435 1135 4503 rectam
1154 4435 1282 4487 secutus
1304 4434 1374 4495 est3
1409 4434 1441 4484 et
1460 4437 1523 4483 saci

202 4509 387 4592 sapientiam
417 4514 557 4579 nominat
586 4516 704 4599 nemo?
737 4516 911 4597 Quomodo
939 4516 1040 4603 igitur
1065 4517 1166 4581 omnis
1189 4528 1278 4580 reeta
1300 4514 1384 4579 vitae
1407 4512 1457 4579 via
1476 4530 1519 4573 sa·
1576 4522 1581 4541 ¹

98 4642 104 4649 ν
201 4604 321 4691 pientia
344 4606 415 4670 est?
438 4606 593 4696 Concessi
615 4609 699 4678 enirn
720 4631 810 4686 esse,
834 4613 975 4689 sednon
998 4611 1111 4675 solam.
1155 4610 1310 4686 Definitio
1331 4622 1436 4673 autem
1454 4603 1519 4669 nihil

132 4698 373 4789 complecti
394 4702 521 4777 debuit,
546 4705 635 4787 quod
656 4716 741 4766 esset
761 4704 909 4769 alienum
952 4705 1068 4789 Itaque
1090 4725 1202 4769 rursus
1225 4703 1341 4782 defini,
1363 4703 1390 4767 si
1411 4702 1515 4785 placet,

132 4782 281 4875 quid
302 4793 360 4879 tibi
383 4795 507 4880 videtur
529 4817 598 4860 esse
620 4797 783 4880 sapientia.

203 4886 206 4891 ’
289 4885 341 4945 ill
364 4885 431 4952 Diu
451 4887 504 4952 ille
527 4890 636 4953 temnit.
690 4892 837 4959 Deinde·
866 4894 937 4971 En,
968 4892 1110 5002 inquit,
1122 4888 1518 4965 isernmdettni0‚s1hoc

202 4982 238 5037 tu
260 4996 419 5065 nunquam
440 4981 531 5051 finus
553 4984 704 5055 statuisti
749 4986 922 5071 Sapientia
934 5001 981 5068 em
1003 4990 1058 5055 via
1069 5001 1177 5071 recta,
1204 5009 1285 5072 quae
1310 4990 1351 5050 ad
1368 4986 1517 5051 veritatem
