3188 5492
179 409 265 475 stt
375 454 379 461 -
425 436 428 441 ·
620 404 822 475 AURELII
849 405 1108 489 nunusrtut

170 572 176 581 ·
202 553 247 618 eis
261 560 421 637 tamquam
444 547 639 636 cognitionis
654 549 809 611 hiemante
830 545 965 613 inimicis
983 547 1067 612 dicta
1086 544 1231 615 homines
1251 558 1376 633 putant.
1416 549 1509 634 Itaque

201 647 399 730 perlibenter
430 647 537 709 babeo
563 645 726 726 hucusque
758 641 1026 708 bodievnostruru
1048 627 1243 726 pricessisse
1264 664 1455 718 sermonem,
1487 655 1511 705 ut

138 784 147 799 „
203 741 298 816 satu,
324 740 404 823 'quid
425 740 509 803 inter
532 758 591 802 nos
615 748 843 822 quaereretur,
866 746 1042 822 aperteque
1068 748 1242 802 constaret.
1286 740 1370 802 Nam
1395 737 1512 803 illiniti

204 836 354 899 ridentur
380 854 496 920 graues
518 830 648 905 omnino
672 851 709 892 ac
731 834 905 913 prudentes
930 830 992 895 uiri
1010 829 1141 899 fuisse„
1181 832 1216 895 Si
1239 831 1314 917 quid
1341 842 1389 894 est
1411 841 1533 905 arden,-

204 933 292 1014 quod
310 951 394 1007 nime
415 926 657 1010 disputabimus,
683 925 836 987 aduersus
861 944 917 988 eos
940 923 1022 1001 crit,
1045 926 1103 1009 quui
1125 926 1339 991 Academicos
1351 921 1515 988 «inventioni
1573 934 1574 1003 ζ

135 1023 138 1033 '
206 1023 347 1087 veritatis
372 1025 527 1095 adversos
547 1019 646 1082 luisse
666 1019 881 1080 crediderunt.
923 1020 978 1082 vEt
995 1012 1039 1082 'ne
1063 1042 1113 1084 me
1131 1020 1277 1084 territum
1300 1032 1411 1103 putes,
1441 1020 1516 1082 etian
1542 1056 1545 1067 ι
1573 1010 1574 1029 ³

202 1129 317 1199 contra
343 1138 400 1181 eos
425 1117 513 1198 ipsos
535 1133 600 1176 non
627 1110 746 1175 invitus
769 1114 942 1187 armabor,
980 1111 1007 1176 si
1038 1135 1102 1179 non
1132 1115 1339 1185 occialtandae
1366 1113 1516 1177 sententiae

204 1232 282 1275 suae
313 1230 446 1295 catassa,
482 1228 520 1272 ne
552 1210 592 1269 ab
618 1205 664 1269 eis
693 1216 812 1268 temere
842 1206 972 1288 pollutis
1003 1210 1160 1272 mentibus
1201 1222 1234 1272 et
1266 1208 1360 1295 quiesi
1391 1205 1517 1290 profanis

204 1307 359 1411 cinaedum
378 1301 518 1367 veritatis
540 1321 631 1387 sacra
651 1301 884 1385 proderentur,
909 1303 970 1367 sed
987 1323 1028 1366 ex
1052 1302 1157 1367 animo
1179 1303 1245 1380 illa,
1268 1324 1352 1389 quae
1373 1302 1403 1365 in
1424 1322 1518 1365 eorttu

203 1396 295 1467 libris
310 1398 465 1484 legimus,
490 1393 714 1459 defenderunt.
755 1393 854 1474 Quod
868 1393 962 1458 hodie
978 1394 1116 1459 facerem
1128 1385 1221 1470 ,uisi
1237 1419 1301 1459 nos
1311 1397 1390 1461 solis
1406 1415 1519 1458 occasus

129 1492 134 1517 s
205 1491 267 1555 ianr
290 1496 418 1556 domum
440 1490 545 1555 redire
567 1486 789 1569 compelleret.
835 1488 999 1553 Hactenus
1021 1490 1078 1553 illo
1102 1490 1151 1553 die
1174 1491 1368 1573 disputatum
1392 1502 1449 1554 est.

290 1586 357 1651 XI.
381 1588 434 1651 25.
459 1580 621 1652 Postridie
643 1593 746 1645 autem
772 1581 917 1663 quiasuuis
946 1605 1010 1646 non
1041 1585 1141 1647 minus
1170 1586 1304 1648 blandus
1335 1582 1520 1667 tranquillus·

206 1703 269 1767 que
292 1682 359 1745 dies
379 1681 549 1749 illuxisset,
575 1673 630 1739 vix
653 1676 778 1739 tandem
801 1675 983 1759 domesticis
1005 1679 1141 1762 negotiis
1162 1679 1285 1742 evoluti
1307 1699 1428 1741 suturis.
1457 1677 1523 1740 Nan

207 1796 353 1860 magnam
375 1774 443 1838 eius
464 1783 589 1856 partem
609 1769 642 1835 in
665 1768 869 1850 epistolariun
887 1771 1022 1833 rnamme
1042 1770 1216 1853 scriptione
1231 1791 1525 1854 consumpseramus.

206 1871 252 1934 Et
276 1892 373 1954 qurum
394 1871 455 1933 iam
479 1870 560 1933 durae
581 1866 682 1928 horae
705 1862 770 1925 uix.
783 1862 926 1947 reliquae
947 1867 1075 1942 forent,
1109 1868 1147 1928 ad
1168 1879 1294 1948 pratum
1319 1865 1526 1948 processimus.

209 1967 290 2028 Nam
314 1964 471 2049 invitabat
503 1958 583 2023 caeli
614 1956 711 2025 nimia
740 1957 913 2034 serenitas,
945 1960 1127 2045 placuitque
1157 1973 1191 2023 ut
1219 1983 1258 2022 ne
1287 1961 1393 2044 ipsum
1423 1960 1526 2044 qutun

175 2108 178 2119 .
207 2061 300 2146 quod
327 2057 491 2121 restiterat
513 2048 647 2134 “tempus
676 2047 783 2133 perire
810 2064 1005 2134 pateremur.
1063 2056 1176 2139 Itaque
1206 2077 1304 2141 quum
1337 2057 1379 2117 ad
1400 2057 1526 2116 arboren

208 2152 335 2217 solitam
358 2163 486 2216 rentum
510 2157 595 2213 esset
625 2157 657 2209 et
688 2143 907 2215 mansissemus
930 2148 1025 2211 loco:
1056 2148 1163 2210 Velim
1187 2170 1267 2223 vos,
1298 2149 1446 2233 inquam,
1467 2150 1527 2209 ado·

143 2310 154 2315 -
206 2247 374 2312 lemeeutuli
382 2292 395 2326 ‚
420 2238 573 2330 quoniam
594 2261 660 2304 non
684 2250 732 2302 est
753 2239 848 2300 bodie
864 2260 1045 2324 magnares
1060 2242 1294 2327 aggredienda,
1318 2241 1527 2319 inmemoriam

195 2340 286 2407 ‘mihi
307 2338 491 2412 reuocatis,
516 2335 681 2421 quomodo
703 2334 854 2399 hesterno
870 2334 920 2397 die
934 2336 1188 2421 rogatiunculae,
1220 2360 1302 2424 quae
1318 2359 1380 2402 uos
1397 2334 1526 2405 titubavit,

210 2433 350 2516 Alypius
373 2429 588 2516 responderit.
634 2429 699 2492 Hie
721 2427 907 2492 Licentius:
944 2431 1026 2494 'l'am
1048 2432 1148 2494 breve
1172 2443 1241 2508 est,
1267 2432 1389 2518 inquit,
1415 2443 1448 2494 ut
1467 2426 1527 2493 ubil

160 2576 167 2585 .
209 2527 332 2613 negotii
354 2527 394 2593 sit
416 2529 479 2589 hoc
500 2521 687 2596 recordari3
721 2543 816 2603 quam
839 2521 909 2584 leve
932 2524 972 2586 sit
994 2535 1098 2586 autem
1120 2537 1155 2587 tu
1177 2522 1307 2589 uideris.
1369 2528 1471 2598 Nam,
1502 2530 1527 2583 ut

211 2621 354 2705 opinor,
372 2619 481 2689 ,nstitit
502 2630 557 2693 te,
581 2636 634 2679 res
657 2636 755 2698 prim
777 2627 955 2694 constaret,
982 2619 1020 2680 de
1042 2618 1150 2687 uerbis
1167 2638 1301 2684 movere
1316 2619 1529 2704 quaestionem.

212 2716 259 2783 Et
277 2726 367 2801 'egos
405 2714 482 2779 Hoc
502 2711 626 2794 ipsum,
661 2707 809 2790 inquam,
846 2709 923 2794 quid
948 2711 1010 2789 sit,
1047 2718 1183 2799 quamve
1211 2715 1327 2781 babeat
1357 2715 1439 2790 vim,
1471 2709 1527 2774 satis

212 2805 504 2875 animadvertistis?
533 2804 679 2879 Videor,
710 2802 840 2887 iuquit,
869 2805 947 2867 mihi
967 2806 1077 2869 videre
1100 2806 1178 2891 quid
1198 2808 1259 2882 sit,
1292 2795 1349 2872 sed
1373 2812 1528 2895 quaesout
1572 2796 1573 2865 l

126 2958 129 2961 .
214 2906 247 2971 id
260 2899 444 2987 ¹paullisper
466 2917 622 2981 exponas.
691 2898 774 2960 Nam
804 2919 898 2980 saepe
928 2901 984 2963 abs
1013 2912 1045 2964 te
1067 2901 1193 2978 audivi,
1231 2913 1333 2986 turpe,
1348 2923 1420 2967 esse
1441 2899 1528 2980 dispu-

213 2997 354 3062 tantibus
375 2996 408 3059 in
430 2994 603 3059 uerborum
627 2990 814 3074 quaestione
835 2992 1017 3070 immorari,
1056 3016 1154 3079 quirinu
1175 3007 1336 3061 certamen
1366 2997 1480 3060 utillum
1497 2992 1526 3052 de

214 3093 313 3161 rebus
346 3086 566 3157 remanserit„
604 3085 671 3149 Sed
690 3086 754 3151 hoc
768 3085 923 3157 ,subtilius
946 3099 1011 3165 est,
1042 3112 1138 3176 quam
1159 3102 1195 3153 ut
1216 3092 1440 3175 explicandum
1460 3111 1474 3151 a
1492 3105 1529 3150 nu

216 3187 330 3249 debeat
350 3183 503 3268 flagitari.
755 3246 758 3253 ,
968 3228 971 3237 ,
1030 3240 1036 3257 Χ
1079 3253 1083 3261 .
1179 3220 1186 3243 2
1235 3236 1242 3255 ‚

209 3330 216 3339 .
302 3270 357 3342 26.
379 3277 498 3342 Airdite
515 3290 608 3360 ergo,
631 3273 771 3361 inquam,
796 3276 872 3360 quid
887 3277 938 3353 sit,
956 3298 1035 3349 voss
1059 3282 1098 3344 Id
1114 3283 1289 3363 probabile
1299 3283 1352 3346 vel
1365 3282 1436 3346 veri
1449 3275 1528 3344 simile

209 3372 405 3439 Academici
435 3381 576 3446 vocant,
606 3371 696 3454 quod
724 3390 784 3432 nos
807 3373 847 3433 ad
868 3375 1025 3456 agendum
1048 3376 1115 3438 sine
1136 3377 1319 3440 assensione
1340 3389 1447 3460 potest
1464 3370 1529 3438 iuui-

101 3552 106 3563 Κ
217 3478 300 3532 tare.
360 3467 447 3539 Siue¹
465 3464 647 3528 assensione
674 3475 777 3526 autem
800 3466 892 3541 dico,
930 3479 964 3531 ut
984 3466 1017 3530 id
1039 3472 1127 3554 quod
1149 3469 1273 3555 agimus
1294 3474 1367 3533 non*
1386 3468 1529 3552 opinemur

216 3582 332 3653 uerum
354 3580 441 3635 esse,
481 3568 535 3621 aut
557 3579 621 3622 non
642 3556 675 3620 id
697 3558 780 3621 scire
808 3561 1018 3639 arbitremur,
1054 3584 1184 3648 agamus
1212 3578 1327 3629 tamen.
1385 3567 1431 3630 Ut
1457 3556 1528 3624 uerbi

219 3675 348 3731 caussa,
381 3666 487 3717 utrum
509 3654 661 3715 besterna
684 3663 797 3730 noete,
828 3665 891 3717 tani
913 3655 1033 3740 liquida
1054 3679 1091 3721 ae
1113 3674 1212 3741 parra,
1246 3660 1341 3725 bodie
1364 3670 1427 3721 tam
1448 3658 1527 3720 laetus

210 3747 269 3821 ‚sol
290 3756 592 3822 exortamusesset,
614 3745 642 3809 si
662 3766 722 3810 nos
744 3747 898 3830 quispiam
920 3764 1072 3834 rogaret,
1097 3756 1213 3831 credo,
1238 3756 1326 3840 qnod
1345 3773 1404 3819 nos
1419 3753 1449 3815 id
1461 3745 1525 3812 scire
1571 3794 1572 3829 ,

218 3861 429 3925 negaremus,
467 3840 643 3929 diperemus
672 3852 776 3904 tamen
804 3841 848 3904 ita
871 3844 986 3908 uideri.
1045 3845 1155 3924 Talia,
1190 3845 1291 3931 inqirit
1313 3845 1525 3914 Academicus,
1571 3852 1572 3885 ³

121 3984 123 3991 .
206 3932 294 3999 ‘tnui
310 3934 458 3999 uidentur
473 3936 589 4008 ouruia,
614 3956 695 4018 quae
717 3937 894 4022 probabilia
919 3939 969 4001 rel
991 3938 1189 4006 verisimilia
1210 3942 1322 4025 putavi
1343 3939 1527 4006 nominarint
1571 3982 1572 3995 ,

162 4036 165 4051 “
218 4030 301 4114 quiae
322 4026 406 4090 tusi
428 4028 492 4094 alio
514 4027 641 4093 neruiue
664 4028 713 4092 vis
742 4040 894 4121 uocare,
920 4032 996 4097 nihil
1026 4056 1189 4122 repugno.
1249 4036 1333 4099 Satis
1364 4036 1444 4099 enim
1469 4029 1527 4095 niti
1571 4086 1572 4089 ,

220 4133 288 4199 est,
311 4132 342 4183 te
364 4121 424 4183 iam
446 4123 526 4185 bene
548 4121 708 4205 accepisse
731 4125 807 4207 quid
829 4126 949 4204 dicam,
984 4127 1107 4205 idest,
1132 4131 1248 4216 quibus
1269 4132 1367 4194 rebus
1388 4133 1464 4193 baec
1482 4142 1527 4185 uo·
1571 4144 1572 4177 l

220 4216 305 4280 mina
325 4214 500 4300 imponam.
558 4218 636 4295 Non
657 4217 739 4280 euim
762 4222 992 4286 vocabulorum
1016 4223 1184 4305 opilicem,
1214 4214 1269 4288 sed
1290 4244 1397 4289 rerum
1417 4212 1527 4303 inquisi·

217 4324 325 4378 torem
347 4315 439 4377 decet
461 4330 531 4374 esse
553 4311 740 4392 sapientem.
799 4315 924 4386 satisne
954 4315 1173 4396 intellexistis,
1210 4321 1375 4402 qummodo
1404 4312 1473 4380 mihi
1490 4310 1526 4372 lui
1571 4356 1572 4385 2

220 4405 307 4487 dicre
328 4404 403 4483 illa,
426 4405 541 4488 quibus
563 4425 623 4468 uos
647 4405 825 4491 agitabam,
860 4408 899 4473 de
922 4412 1065 4485 maribus
1088 4433 1228 4476 excussa
1243 4411 1330 4475 siut?
1366 4413 1429 4476 ch
1449 4421 1525 4492 quun

125 4568 128 4581 ,
221 4502 314 4566 ambo
337 4521 371 4565 se
392 4498 588 4563 intellexisse
610 4502 867 4581 respondissent,
901 4506 1057 4592 uuultuque
1077 4507 1152 4589 ipso
1174 4507 1415 4591 responsionem
1436 4492 1526 4586 postu⁴⁴

218 4595 324 4662 lareut
351 4611 472 4675 meatu:
511 4592 601 4681 Quid
625 4594 761 4674 putatis,
798 4597 946 4682 inquam,
981 4601 1193 4679 Ciceronem,
1218 4602 1323 4667 cuius
1352 4603 1429 4664 haec
1447 4591 1525 4663 verbs

220 4701 312 4764 sunt,
348 4689 477 4771 inopem
499 4685 598 4751 fuisse
620 4687 755 4753 Latinae
778 4690 924 4776 linguae,
962 4707 997 4757 ut
1021 4696 1121 4760 minus
1144 4708 1219 4780 apta
1238 4700 1335 4760 rebus
1356 4692 1523 4776 imponeret,

211 4802 299 4869 ,quas
321 4781 494 4858 sentiebat,
520 4781 672 4847 uomina?
819 4834 824 4842 t
1299 4782 1302 4791 '

233 4872 236 4876 ’
307 4874 390 4940 XII.
413 4875 468 4939 27.
493 4877 576 4938 Tum
600 4878 796 4960 Trygetius:
834 4880 924 4957 Iam,
953 4882 1077 4969 inquit,
1107 4885 1215 4967 placet
1235 4885 1352 4962 nobis,
1383 4899 1469 4967 qurum
1485 4887 1523 4936 tet

216 4978 299 5055 nom
325 4966 384 5043 sit,
422 4969 462 5031 de
490 4967 600 5039 uerbis
628 4971 729 5053 nuillas
757 4973 927 5067 calumnias
952 4999 1176 5062 commovere:
1214 4998 1314 5065 quare
1336 4980 1407 5043 uide
1425 4968 1519 5067 potius
1570 4990 1571 5001 ¹
