3288 5490
469 1116 527 1193 Μ
568 1112 800 1194 TULLII
845 1111 1200 1193 CICERONIS
1341 1196 1343 1199 ,

164 1310 979 1423 Acsosumosun
1054 1311 1503 1421 emotum

595 1538 758 1592 LIBER
790 1535 1074 1592 SECUNDUS

232 1770 234 1787 Ι
334 1697 445 1779 QUI
481 1694 931 1765 INSCRIBITUR
966 1694 1331 1801 LllCULLUS.
1401 1734 1403 1741 κ

160 1994 220 2075 (In
241 1992 517 2058 Academicis
537 1992 760 2057 emendandis
782 1991 834 2054 ita
848 2002 1006 2055 versatus
1020 2012 1116 2066 sum,
1141 2002 1181 2054 ut
1190 1990 1500 2074 praestantissima
1583 1988 1587 1997 '

268 2088 511 2151 Goerenzii
532 2086 728 2152 recensione
746 2098 925 2170 tamquam
931 2082 1168 2176 fundamenti
1191 2083 1267 2149 loco
1288 2086 1429 2169 posita,
1454 2088 1498 2151 ab

185 2212 188 2223 ·
254 2182 415 2265 'eadems
444 2180 635 2266 ubicunque
664 2180 786 2244 critica
815 2180 908 2243 ratio
939 2179 1094 2256 iubebat,
1133 2179 1239 2241 libere
1272 2180 1496 2245 discederem.
1573 2247 1578 2261 .

268 2275 334 2339 His
356 2288 473 2339 autem
494 2270 573 2340 sum
594 2297 679 2339 usus
701 2275 884 2339 subsidiis:

213 2369 244 2432 I.
268 2370 398 2437 Marci.
417 2375 461 2434 T.
481 2374 519 2436 0.
543 2375 597 2435 De
611 2382 742 2432 natura
752 2373 925 2434 Deorum.
943 2367 1074 2433 Marci.
1089 2371 1132 2431 T.
1145 2371 1188 2433 ’0.
1207 2372 1259 2435 De
1273 2368 1496 2434 divinatione.
1560 2442 1563 2446 Α

199 2500 202 2517 ·
266 2465 398 2528 Marci.
416 2469 460 2530 T.
485 2468 530 2549 0„
554 2468 608 2529 De
625 2465 771 2548 legibus.
796 2463 928 2526 Marci.
952 2467 996 2526 Τ.
1017 2467 1055 2529 0.
1080 2466 1133 2527 De
1155 2464 1335 2556 academia
1356 2486 1435 2528 sua.
1455 2495 1498 2507 ··-

266 2564 322 2625 M.
348 2564 392 2625 Τ.
416 2562 454 2625 0.
492 2565 546 2625 De
559 2559 699 2637 sinibus
716 2558 885 2637 bonorum
909 2570 942 2620 et
966 2560 1151 2621 malorum.
1176 2590 1217 2601 --
1240 2561 1283 2641 Q.
1311 2558 1430 2623 Cicero
1453 2559 1496 2621 de
1621 2565 1624 2573 ’

259 2654 429 2738 petitione
455 2657 677 2720 Consulatus.
701 2684 742 2697 -
771 2652 827 2716 Μ.
856 2654 899 2715 Τ.
924 2650 1100 2716 Ciceronis
1123 2651 1174 2714 de.
1189 2650 1412 2737 universitate
1434 2650 1494 2717 Li-

263 2751 335 2812 ber.
359 2786 401 2796 -
423 2744 603 2815 Somnium
624 2745 812 2832 Scipionis.

263 2848 305 2910 In
319 2844 423 2921 sene:
562 2858 564 2863 '

305 2941 482 3021 Quattuor
503 2938 682 3021 opuscula.
703 2957 733 2999 s.
757 2933 798 2996 de
816 2933 958 2997 Finibus
988 2935 1209 2999 bonorumet
1235 2938 1426 2999 malorum:
1447 2940 1495 3003 Et

266 3033 308 3095 de
319 3032 487 3114 petitione
506 3033 726 3099 consulatus:
747 3032 799 3093 Ac
818 3029 860 3090 de
881 3033 917 3095 V
914 3029 1130 3093 niversitate·
1152 3030 1200 3093 Et
1218 3029 1260 3092 de
1280 3051 1403 3094 somno
1417 3031 1491 3096 Sci-

261 3125 379 3208 pionis
406 3125 582 3206 impressit
604 3123 781 3187 Bononiae
802 3122 1066 3207 diligentissime
1086 3125 1253 3207 Gasigula
1273 3125 1493 3205 Balalerius:
1575 3180 1577 3185 .

260 3218 335 3301 (sic)
357 3218 460 3301 Regii
481 3229 598 3280 autem
612 3218 684 3280 alia
697 3229 827 3311 septem
845 3220 1043 3300 opuscula
1030 3217 1324 3310 zmpr·essafuere
1342 3239 1411 3282 non
1425 3219 1491 3283 mi·

262 3312 341 3376 nori
363 3313 525 3376 solertia:
547 3312 740 3376 Bononiam
758 3307 1001 3377 illustrissimo
1023 3316 1153 3378 Ioanne
1174 3313 1351 3381 Bentivolo
1370 3335 1491 3397 secun·

261 3408 306 3468 do
332 3407 621 3490 tranquillissima
641 3428 727 3488 pace
752 3409 965 3490 gubernante
987 3411 1035 3473 Et
1061 3408 1184 3471 merito
1209 3419 1312 3490 patre
1330 3407 1491 3488 patriae:

261 3505 366 3565 Anno
398 3502 563 3583 Xp'ianae
589 3502 713 3565 salutis
735 3505 790 3566 M.
818 3504 970 3567 cccci.
1005 3505 1268 3570 XXXXYIIII.
1298 3501 1372 3581 (sic)
1404 3502 1492 3585 duo,-

261 3596 393 3659 decimo
408 3596 579 3660 calendas
599 3595 722 3660 Iulias.
738 3631 779 3642 -
802 3595 936 3683 D‘ffert
953 3596 991 3659 in
1003 3597 1167 3680 plurimis
1188 3618 1212 3659 a
1232 3600 1364 3661 Veneta
1379 3598 1488 3672 1494,

264 3712 333 3774 qua
361 3709 446 3753 usus
471 3702 524 3753 est
552 3690 780 3754 Goerenzius.
819 3695 912 3755 Eum
935 3704 1083 3773 propter
1097 3691 1214 3769 finem
1241 3692 1418 3768 consului,
1452 3704 1491 3755 at

259 3795 434 3851 constaret
448 3784 490 3847 de
505 3783 711 3868 antiquitate
722 3784 906 3848 lectionum
920 3788 1074 3870 Hervag.
1091 3797 1123 3847 et
1142 3784 1274 3849 Victor.
1288 3766 1487 3878 Signavib'.

183 3881 234 3943 II.
258 3877 503 3961 Heruagiana:
527 3879 623 3943 1534.
649 3874 731 3959 (H)
746 3881 909 3944 Praetuli
916 3881 1002 3941 hanc
1018 3878 1290 3953 Cratandrinae,
1315 3901 1384 3964 qua
1403 3902 1490 3944 usus

258 3974 421 4038 eratiam
436 3976 606 4038 Goerenc.
639 3977 768 4041 Omnes
777 3972 869 4065 fere
896 3973 970 4037 eius
991 3972 1153 4036 lectiones
1170 3972 1325 4048 enotavi,
1349 3973 1488 4040 omissis

257 4068 446 4131 dumtaxat
466 4065 668 4157 manifestis
690 4067 881 4133 erroribus.

167 4163 235 4229 ΠΙ.
263 4161 486 4229 Victoriana:
510 4162 664 4228 Venetiis
687 4163 784 4227 1536.
807 4163 889 4244 (V)
909 4161 1027 4228 Htuus
1042 4161 1217 4244 integram
1230 4160 1275 4225 do
1294 4162 1485 4241 lectionem,

254 4269 398 4341 praeter
419 4274 558 4323 errores
579 4260 1277 4343 typothetarum,

161 4352 234 4421 JV.
259 4350 491 4416 Manutiana:
516 4354 603 4417 Ven.
630 4352 726 4416 1555.
741 4351 834 4433 (M)
847 4351 961 4416 Habet
974 4348 1173 4436 singulares
1187 4352 1486 4461 aliquotacprae-

164 4494 181 4513 ..
256 4455 388 4510 stantes
409 4444 591 4518 lectiones‚·
623 4448 751 4513 multas
774 4467 874 4521 vera,
905 4467 993 4531 aetas
1018 4446 1208 4511 Lambinus
1227 4446 1330 4510 tacite
1348 4461 1486 4513 secutus

256 4551 319 4602 est.
342 4540 420 4603 Has
445 4540 657 4625 praesertim
685 4540 813 4604 notavi.
852 4541 917 4605 Ubi
941 4553 976 4605 et
999 4544 1103 4605 Man.
1135 4552 1169 4604 et
1200 4540 1322 4605 Lamb.
1334 4541 1487 4633 faciunt

255 4655 334 4694 cnm
350 4632 611 4742 antiquioribus
632 4647 666 4696 et
690 4632 867 4711 Victoria,
890 4634 1096 4702 Manutium
1108 4654 1211 4739 saepe
1226 4635 1364 4702 silentio
1379 4659 1485 4721 prae·

255 4725 400 4790 termisi.

183 4821 231 4886 V.
256 4823 382 4885 Carolo
403 4824 579 4905 Stephano
600 4823 722 4906 (Steplt
725 4822 752 4903 .)
781 4822 985 4908 Sequitur
972 4845 1004 4887 ts
1033 4823 1249 4890 Munatium.
1295 4826 1365 4890 Sed
1384 4825 1485 4891 babet
1513 4866 1517 4875 ,

256 4913 294 4975 in
323 4918 414 4979 calce
445 4918 629 4980 voluminis
661 4919 724 4983 Gd.
755 4919 943 4998 lectiones,
981 4941 1067 5004 qztas
1098 4919 1142 4983 ab
1165 4918 1258 4982 ‘aliis
1290 4922 1507 5005 neglectass

254 5008 461 5073 nominatim
480 5032 584 5100 saepe
604 5012 788 5096 appellavi.
