3188 5492
195 398 199 405 ‘
275 374 472 439 CONTRA
493 372 1019 441 acanunttcos„t.113..111.
1067 377 1107 440 C.
1135 379 1185 443 12,
1324 381 1415 471 atu?

67 513 185 577 etnrrlla
198 515 348 595 deceptio
363 527 423 579 est.
447 516 523 579 Nun
538 515 620 579 euim
637 515 742 591 video,
761 490 925 600 quomodo
941 515 1072 578 refellat
1085 460 1293 613 Academicus
1309 541 1391 597 eum,
1439 544 1441 557 ·
1489 566 1501 585 .

72 608 121 693 qui
142 610 238 672 dicit:
261 613 336 674 Hoc
357 610 433 675 mibi
458 610 623 673 candidum
643 611 746 674 videri
766 608 853 684 scio;
876 611 940 674 hnc
959 612 1098 674 auditum
1121 634 1224 687 meum
1244 615 1397 682 delectari

69 702 149 778 srio;
171 707 238 769 boc
256 704 332 767 mibi
351 704 488 768 iucunde
514 705 602 767 olere
625 702 711 777 scio;
735 705 798 767 hoe
823 703 898 766 mibi
920 703 1033 784 saq‘sere
1060 705 1196 769 dulciter
1218 708 1310 783 sci03
1333 711 1397 773 hoe
1487 746 1490 759 ι

69 796 138 859 mibi
160 819 231 861 esse
254 792 404 884 frigidum
427 799 507 862 scio.
565 799 628 863 Dic
653 797 779 880 potins,
803 809 909 860 auruum
931 818 990 901 per
1017 819 1052 860 se
1078 820 1202 863 amarae
1220 803 1282 865 sint
1307 804 1395 867 olea·
1409 832 1411 839 ¹

68 890 120 953 stri
139 891 302 968 frondes,
319 913 398 976 quas
421 913 519 973 caper
540 903 604 954 tam
626 890 833 973 pertinaciter
855 890 989 972 appetit.
1017 876 1073 955 Ο
1095 894 1283 958 hominem
1272 916 1397 978 quapro-

57 985 155 1053 ‚buturi
180 1006 288 1049 noune
310 997 359 1049 est
382 1007 478 1067 caper
503 986 573 1066 ipse
594 984 798 1048 modestior?
817 987 937 1049 Nescio
960 985 1068 1068 quales
1087 987 1200 1067 pecori
1218 988 1298 1066 sint,
1314 991 1398 1055 mibi

66 1089 165 1141 tamen
193 1101 321 1142 amarae
347 1090 435 1142 sunt.
490 1078 576 1159 Quid
602 1078 727 1163 quaeris
758 1077 916 1160 amplius?
956 1080 1019 1140 Sed
1046 1092 1093 1141 est
1119 1081 1257 1145 fortasse
1283 1084 1397 1168 aliquis

59 1172 152 1234 etiam
174 1172 364 1248 hominum,
397 1171 449 1235 cui
468 1194 533 1236 non
551 1172 617 1235 sint
640 1194 777 1235 amarae.
823 1172 982 1235 'l‘endisne
1005 1172 1038 1234 in
1062 1173 1264 1239 molestiam?
1296 1178 1397 1243 Num·

65 1265 212 1347 quidnam
236 1289 299 1352 ego
322 1287 446 1329 amaras
468 1288 537 1330 esse
559 1266 705 1330 omnibus
727 1265 816 1329 dixi?
839 1265 914 1329 mibi
936 1266 1020 1341 dixi,
1045 1279 1076 1329 et
1098 1270 1161 1333 hoc
1182 1289 1249 1332 non
1268 1292 1396 1353 semper

64 1363 198 1426 affirmo.
260 1362 344 1443 Quid
366 1362 393 1425 si
415 1362 496 1425 enim
523 1363 598 1424 alias
625 1361 686 1423 alia
708 1363 837 1436 caussd,
877 1381 960 1423 nune
985 1352 1075 1423 dulce
1097 1363 1278 1444 quidpiam,
1314 1388 1399 1430 niune

64 1476 201 1518 amarum
228 1456 261 1519 iu
282 1478 339 1519 ore
362 1455 538 1519 sentiatur?
574 1456 659 1519 Illud
685 1455 780 1529 dico,
817 1445 914 1534 posse
941 1453 1120 1530 hominem,
1155 1479 1252 1539 quum
1276 1459 1397 1544 aliquid

66 1562 186 1632 gustat,
224 1553 310 1616 bona
331 1550 553 1627 fideiurare,
591 1571 626 1612 se
655 1549 739 1612 scire
764 1548 872 1630 palato
900 1569 959 1611 suo
985 1548 1062 1615 illud
1089 1571 1186 1613 errave
1216 1573 1306 1629 esse,
1346 1559 1398 1618 vel

64 1656 194 1720 contra,
234 1645 287 1708 vel
305 1646 369 1708 ulla
392 1644 547 1707 calumnia
574 1645 697 1706 Graeca
723 1646 763 1705 ab
786 1642 846 1704 ista
868 1640 998 1707 seientia
1021 1664 1118 1722 posse
1142 1645 1266 1709 deduci.
1312 1649 1414 1727 Quis,

65 1736 143 1799 enim
171 1750 236 1801 tam
266 1740 429 1821 impudens
462 1739 521 1813 sit,
556 1737 611 1823 qui
643 1736 718 1799 mihi
744 1758 814 1800 oum
845 1735 1054 1803 delectatione
1087 1735 1204 1821 aliquid
1226 1738 1394 1823 ligurienti

65 1831 163 1894 dicat:
212 1834 366 1896 Fortasse
396 1853 460 1896 non
496 1844 625 1917 gustas,
664 1833 721 1893 sed
748 1831 824 1893 ·hoc
853 1828 1009 1892 somnium
1040 1828 1113 1892 est?
1160 1831 1395 1916 Numquidnam

63 1924 205 1990 resisto?
236 1928 303 1989 Sed
323 1949 372 1990 me
396 1938 505 1990 tamen
522 1926 630 1989 illud
621 1948 653 1987 m
672 1923 794 1988 somnis
814 1923 908 1986 etiam
932 1926 1119 1986 delectaret.
1179 1926 1290 2004 Quaere
1316 1928 1395 1991 illud

64 2022 148 2100 quod
171 2043 223 2084 me
242 2021 323 2083 scire
339 2020 423 2095 dixi,
443 2021 534 2083 nulla
557 2020 723 2085 confundit
746 2016 919 2081 similitudo
939 2017 1107 2081 falsorum.
1151 2018 1197 2081 Et
1211 2020 1392 2102 Epicureus

61 2115 109 2175 vel
137 2113 314 2193 Cyrenaici
336 2126 368 2177 et
393 2114 452 2177 alia
482 2115 577 2176 multa
604 2116 741 2177 fortasse
769 2132 831 2195 pro
850 2111 995 2174 sensibus
1018 2110 1143 2186 dicant,
1179 2125 1291 2179 contra
1315 2126 1402 2199 quae

64 2207 137 2270 nihil
160 2207 278 2270 dictum
304 2229 372 2271 esse
396 2211 436 2271 ab
460 2207 659 2272 Academicis
685 2206 805 2287 accepi.
865 2207 928 2268 Sed
955 2205 1032 2289 quid
1052 2208 1092 2267 ad
1115 2205 1189 2270 me?
1225 2208 1260 2271 Si
1283 2210 1396 2273 volunt
1433 2240 1436 2248 ¹

63 2299 139 2376 ista,
165 2315 197 2365 et
217 2302 245 2365 si
258 2314 414 2384 possunt,
439 2302 533 2365 etiam
550 2323 599 2365 me
620 2303 749 2365 favente
771 2299 962 2361 rescindant.
1007 2299 1170 2383 Quidquid
1184 2301 1266 2365 enim
1282 2317 1397 2369 contra

64 2415 172 2458 sensus
196 2401 237 2460 ab
263 2397 308 2459 eis
331 2396 529 2477 disputatur,
563 2417 626 2459 nou
652 2406 765 2459 contra
788 2413 897 2457 omnes
923 2392 1136 2474 philosophos
1159 2396 1255 2458 valet.
1314 2398 1394 2460 Sunt

66 2489 165 2567 enim,
192 2492 248 2576 qui
270 2491 330 2553 ista
352 2492 475 2566 omnia,
500 2512 581 2575 quae
602 2489 751 2571 corporis
774 2509 867 2550 sensu
892 2486 1007 2566 accipit
1028 2487 1170 2562 animus,
1210 2489 1396 2571 opinionem

69 2605 164 2664 posse
190 2587 326 2671 gignere
347 2586 558 2660 confitentur,
582 2585 742 2649 scientiam
761 2601 842 2646 vero
860 2591 1001 2663 negant:
1046 2601 1138 2663 quam
1158 2594 1260 2647 tamen
1282 2586 1397 2649 volunt

65 2679 274 2765 intelligentia
304 2678 482 2754 contineri,
519 2686 738 2761 remotamque
763 2699 782 2739 a
811 2675 954 2739 sensibus
983 2674 1014 2735 in
1039 2687 1143 2738 mente
1169 2677 1293 2742 vivere.
1341 2674 1397 2743 vEt

64 2774 148 2838 forte
166 2777 198 2841 iu
227 2796 337 2838 eorum
362 2794 495 2837 numero
514 2785 561 2836 est
583 2773 706 2856 sapiens
729 2773 800 2846 ille,
825 2792 917 2854 quem
937 2769 1130 2852 quaerimus.
1176 2771 1240 2833 Sed
1262 2775 1301 2834 de
1327 2775 1393 2836 hoo

66 2866 149 2932 alias.
205 2871 301 2932 Nunc
324 2872 362 2930 ad
387 2868 511 2953 reliqua
532 2889 724 2951 pergamus,
753 2886 834 2949 quae
863 2875 999 2947 propter
1022 2862 1102 2938 ista,
1126 2883 1207 2951 quae
1228 2863 1289 2927 iam
1310 2866 1393 2933 dicta

62 2973 151 3038 sunt,
176 2962 286 3044 paucis
309 2963 383 3042 (nisi
404 2961 514 3041 fallor)
536 2961 777 3045 explicabimus.

145 3057 232 3118 XII.
255 3056 307 3117 27.
332 3056 417 3135 Quid
439 3056 520 3119 enim
543 3059 582 3119 de
606 3056 746 3117 moribus
771 3052 980 3136 inquirentem
1005 3054 1057 3115 vel
1078 3053 1169 3116 iuvat
1187 3055 1239 3117 vel
1260 3054 1390 3136 impedit

65 3150 213 3229 corporis
231 3148 365 3211 sensns?
399 3148 469 3211 Nisi
487 3171 566 3211 vero
588 3150 660 3212 illos
685 3149 786 3229 ipsos,
811 3147 864 3229 qui
887 3168 1039 3209 summum
1061 3147 1197 3213 bominis
1220 3150 1340 3212 bonum
1360 3151 1394 3215 in,

64 3241 227 3324 voluptate
249 3264 405 3324 posuere,
429 3242 507 3305 nihil
528 3243 658 3324 impedit
679 3253 734 3304 aut
751 3241 917 3303 columbae
940 3241 1076 3314 collum,
1102 3251 1155 3304 aut
1169 3263 1237 3307 vox
1255 3230 1389 3320 incerta,

63 3346 113 3394 aut
135 3358 238 3421 grave
259 3339 382 3417 pondus
404 3335 544 3411 homini,
577 3339 665 3419 quod
695 3334 821 3397 camelis
850 3336 920 3396 leve
943 3345 1012 3409 est,
1051 3346 1104 3396 am
1130 3334 1190 3400 alia
1220 3350 1388 3411 sexcenta,
1461 3368 1464 3375 ·

66 3433 232 3510 quominus
255 3430 379 3505 dicant,
404 3451 444 3494 eu
466 3452 531 3514 quo
553 3432 750 3494 delectantur
771 3428 922 3490 delectari
940 3448 973 3489 se
989 3427 1091 3502 scire,
1116 3430 1168 3492 vel
1186 3449 1226 3492 eo
1248 3452 1314 3513 quo
1339 3432 1390 3494 uf·

65 3524 234 3588 lenduntur
263 3526 380 3588 offendi
413 3527 515 3609 (quod
543 3524 644 3586 refelli
664 3543 760 3606 posse
787 3543 850 3603 uon
876 3521 997 3601 video):
1027 3544 1097 3584 eum
1120 3526 1387 3601 commovebunt,

66 3618 117 3698 qui
138 3622 233 3682 finem
260 3620 337 3681 boni
361 3631 464 3681 mente
490 3619 724 3700 complectitur.
777 3615 869 3697 'Quid
896 3617 1010 3678 horum
1033 3628 1068 3676 tu
1097 3615 1217 3700 eligis?
1255 3618 1390 3702 siquid

66 3710 137 3775 mihi
164 3713 331 3788 videatur,
371 3712 518 3794 qnaeris:
553 3713 586 3775 in
607 3716 709 3774 mente
735 3710 876 3773 arbitror
897 3730 966 3772 esse
989 3712 1155 3783 vsummum
1171 3711 1306 3789 hominis
1328 3716 1389 3778 ho.

67 3823 149 3870 ιιιιιιι.
197 3811 260 3869 Sed
278 3830 360 3870 ntunc
378 3810 415 3870 de
433 3807 562 3869 scientia
581 3806 773 3890 quaerimus.
818 3805 911 3887 Ergo
933 3801 1100 3887 interroga
1118 3804 1308 3886 sapientem,
1334 3807 1388 3889 qui

25 3980 27 3983 .
66 3917 126 3961 non
144 3913 253 3983 potest
275 3901 426 4001 ignorare
445 3900 652 3983 sapientiam:
678 3900 754 3973 mihi
775 3910 879 3960 tamen
901 3901 993 3960 tardo
1014 3897 1059 3959 illi
1082 3909 1175 3985 atque
1194 3900 1291 3963 stulto
1313 3900 1388 3970 licet

70 3988 191 4057 interim
221 3996 324 4071 scire,
356 3974 453 4058 boni
473 3994 601 4057 humani
621 3994 778 4078 finem,
769 4016 801 4055 ιιι
826 4014 891 4077 quo
916 3992 1068 4057 inhabitet
1102 3994 1191 4055 beata
1216 3993 1296 4068 vita,
1337 4006 1389 4055 aut

67 4086 183 4151 nullum
202 4110 287 4164 esse,
313 4102 367 4152 aut
382 4089 413 4151 in
431 4089 535 4153 animo
557 4110 644 4164 esse,
669 4100 723 4150 aut
745 4087 776 4152 in
798 4107 958 4177 corpore,
984 4097 1038 4148 aut
1062 4086 1093 4147 in
1115 4097 1266 4170 utroque.
1312 4090 1387 4149 Hoc

67 4197 130 4255 ute,
154 4181 313 4265 superes,
339 4185 460 4248 nescire
482 4184 654 4257 convince,
679 4185 767 4267 quod
791 4181 972 4253 notissimae
998 4181 1070 4242 illae
1095 4191 1219 4242 vestrae
1246 4179 1386 4251 rationes

61 4274 149 4341 nullo
172 4281 268 4341 modo
290 4279 420 4342 faciunt.
466 4281 562 4359 Quod
584 4278 691 4340 sinon
715 4288 826 4359 potes,
859 4277 937 4355 (uon
962 4274 1043 4335 enim
1063 4273 1204 4353 reperies
1231 4272 1281 4335 cui
1302 4274 1384 4337 laiso

63 4366 162 4434 simite
184 4372 225 4435 sit
237 4374 263 4450 ,l
287 4394 391 4457 egone
420 4375 613 4437 concludere
635 4371 806 4445 dubitabo,
830 4380 917 4432 recte
935 4368 1011 4429 mibi
1034 4366 1139 4429 videri
1157 4365 1239 4429 scire
1246 4363 1386 4451 sapien-

67 4469 125 4526 tem
153 4466 344 4550 quidquid
335 4489 365 4529 m
396 4467 598 4549 philosophia
629 4486 739 4531 verum
769 4475 841 4539 est,
879 4484 975 4575 quum
1001 4483 1065 4545 ego
1094 4462 1166 4523 inde
1194 4472 1256 4521 tam
1287 4460 1384 4548 multa

67 4575 139 4623 vera
161 4559 396 4645 cognoverim?
444 4610 448 4621 ,
500 4606 504 4615 ‚

146 4656 198 4719 28.
238 4657 302 4723 Sed
331 4654 442 4723 metuit
477 4656 637 4727 sortasse,
674 4674 713 4717 ne
741 4673 895 4722 summum
929 4651 1047 4712 bonum
1083 4647 1182 4730 eligat
1210 4646 1383 4710 dormiens.
1439 4656 1443 4663 “

68 4742 159 4810 Nihil
178 4749 311 4830 periculi
337 4761 404 4812 est.
429 4772 532 4835 quum
559 4742 779 4832 evigilalterit,
809 4744 992 4827 repudiabit
1021 4742 1048 4805 si
1070 4741 1235 4822 displicet,
1267 4742 1387 4805 tenebit
1423 4820 1427 4845 Ι

67 4839 91 4899 si
107 4843 221 4922 placet.
267 4843 346 4922 Quis
369 4843 449 4907 enim
468 4852 539 4906 euin
562 4854 651 4905 reete
673 4842 888 4921 vituperabit,
913 4837 1133 4923 quodfalsum
1166 4830 1279 4898 vidit
1270 4857 1304 4897 ιιι
1329 4857 1383 4899 so·

69 4937 163 5003 mnis?
186 4940 253 5001 Aut
270 4938 408 5001 i'ortassc
434 4939 512 5000 illud
531 4936 737 5009 formidabit,
757 4957 797 5001 ne
816 4932 975 4999 dormiens
994 4931 1115 4993 amittat
1129 4928 1349 5017 sapientiam,
1358 4929 1384 4993 si
