3188 5492
442 423 445 429 ·
494 418 502 435 .
552 355 644 466 nis.
670 402 716 465 r.
757 402 798 470 u.
822 403 876 467 66.
941 451 946 469 „
1323 349 1384 463 roi

46 571 106 613 nee-
117 550 205 632 quod
227 545 319 609 latins
342 556 450 625 pateat
460 590 477 638 t
490 562 583 629 quam
599 518 783 609 ouniunctiti
804 546 888 613 inter
903 545 1049 609 homiues
1062 543 1225 609 hominum
1241 554 1274 611 et
1293 538 1387 632 quasi
1423 602 1427 623 ,

47 642 197 730 quaedam
233 641 373 704 societas
398 651 429 705 et
458 639 725 714 66666666166661
756 642 930 704 utilitatum.
953 638 1082 721 etipsa
1113 639 1228 705 caritas
1243 643 1383 726 generis

45 736 190 801 humani:
215 756 296 819 quae
321 747 393 807 nata
415 756 432 795 a
455 737 562 816 prirno
582 747 675 810 6666,
698 757 763 818 quo
784 757 802 797 a
822 735 1086 817 procreatoribus
1109 734 1176 797 nati
1195 735 1383 822 diliguntur,

46 846 76 895 et
86 844 154 894 tota
169 832 284 894 domus
301 829 454 913 coniugio
471 841 501 892 et
517 829 616 909 stirpe
632 829 859 916 coniungitur,
884 829 985 911 serpit
1000 828 1114 892 sensim
1131 826 1239 904 foras,
1264 852 1386 916 oogoa.

47 925 183 991 tionibus
203 925 360 1007 primum,
383 935 450 986 tum
473 921 697 998 affinitatibus,
725 924 842 1000 deiude
861 923 1026 998 amicitiis,
1057 936 1133 1006 post
1153 924 1384 1001 vicinitatibuse

8 1050 11 1075 t
46 1021 131 1083 tum²
153 1019 298 1093 civibus,
331 1027 363 1079 et
384 1016 442 1093 iis,
468 1016 523 1101 qui
541 1016 670 1099 publice
692 1003 773 1082 socii
795 1028 889 1102 atque
913 1015 1006 1079 amici
1025 1029 1116 1080 sunt:
1149 1018 1263 1083 deinde
1284 1021 1385 1087 totius

48 1113 217 1194 complexu
239 1111 342 1196 gentis
370 1112 542 1190 humanae,
568 1130 649 1195 quae
676 1110 771 1174 animi
799 1111 928 1175 effectio
954 1133 1045 1175 suum
1074 1111 1190 1198 utrique
1219 1112 1383 1193 tribuens,

47 1221 138 1293 atque
158 1209 257 1282 hanc,
281 1227 378 1289 quarn
400 1204 490 1293 dico,
523 1205 708 1269 societatem
738 1204 972 1293 coniunctionis
995 1205 1165 1268 humanae·
1186 1210 1332 1276 munifice
1355 1221 1389 1277 et
1403 1206 1420 1228 J

48 1324 143 1390 aeque
163 1313 277 1376 tuens,
301 1299 577 1375 institutionum
609 1298 661 1363 eui
684 1313 760 1364 sunt
777 1300 966 1363 adiunctae³
988 1299 1109 1380 pietas,
1133 1302 1280 1380 bonitas,
1305 1304 1387 1369 libe·

46 1399 151 1461 ralitas
166 1440 190 1471 ,,
212 1394 410 1479 benignitas,
446 1393 597 1472 comitas,
633 1415 780 1478 quaeque
810 1407 883 1458 sunt
910 1394 1036 1479 generis
1062 1392 1235 1460 eiusdem·
1275 1399 1386 1484 Atque
1497 1422 1501 1441 ¹

48 1493 128 1555 hace
141 1491 185 1553 ita
210 1488 348 1555 iustitiae
366 1482 503 1572 propria
520 1503 618 1566 6666,
653 1501 689 1552 ut
716 1490 778 1551 siut
802 1489 955 1552 virtutum
979 1487 1174 1570 reliquarum
1193 1494 1385 1561 communia.
1455 1523 1459 1541 ι

50 1586 99 1649 66.
124 1587 230 1662 Nam,
254 1606 352 1668 quum
370 1585 416 1647 sic
438 1585 575 1651 hominis
601 1597 715 1649 natura
737 1594 886 1670 66666666
901 1582 958 1657 sit,
983 1593 1019 1644 ut
1036 1584 1153 1645 lrabeat
1174 1585 1320 1668 quiddam
1341 1588 1389 1650 in·

49 1681 171 1742 666664
186 1679 280 1761 quasi
297 1679 390 1754 civile
405 1689 500 1760 atque
516 1680 673 1761 populare
688 1724 699 1755 ,
716 1681 802 1762 quud
822 1675 943 1741 Graeci
955 1674 1126 1745 πολιτικὸν
1137 1691 1277 1743 vocent:
1293 1681 1390 1765 qnid·

49 1773 121 1856 quid
140 1786 216 1859 aget
235 1793 380 1858 quaeque
403 1772 522 1847 virtus,
546 1774 580 1836 id
600 1796 618 1836 a
635 1772 866 1839 communitate
881 1781 913 1834 et
928 1792 985 1847 ea,
1010 1792 1104 1856 quatu
1125 1775 1279 1855 exposui,
1305 1778 1388 1839 cari·

50 1880 110 1931 tate
129 1879 227 1952 atque
247 1866 402 1931 societate
419 1867 555 1931 1666666
574 1889 640 1932 non
659 1854 869 1930 abhorrebit:
892 1865 1093 1948 vicissimque
1106 1866 1244 1949 iustitia,
1269 1881 1305 1932 ut
1318 1869 1388 1951 ipsa

51 1981 81 2022 66
101 1961 215 2023 fundet
236 1961 318 2041 usn⁶
341 1960 374 2023 in
391 1971 517 2024 6666666
529 1960 687 2036 virtutes,
706 1959 834 2024 sicillus
846 1967 989 2042 expetet.
1012 1950 1146 2028 3666666
1165 1964 1249 2042 enim
1268 1963 1390 2029 iustitie

23 2084 25 2091 >
51 2051 229 2117 nisiaiorti
246 2053 339 2130 vno,
355 2053 416 2118 uisi
429 2076 447 2117 6
461 2054 622 2137 sapiente,
638 2076 703 2119 666
716 2065 845 2138 potest.
862 2054 975 2136 Qualis
987 2066 1036 2119 est
1045 2054 1145 2141 agrurn
1157 2056 1261 2121 oannis
1272 2058 1386 2134 haec⁶,

48 2136 140 2231 'quam
158 2147 257 2224 dico,
283 2148 482 2232 conspiratio
502 2170 740 2234 contunsosque
763 2147 935 2225 virtutum,
957 2149 1091 2213 taleest
1105 2150 1184 2213 illud
1202 2151 1305 2234 ipsum
1326 2154 1389 2217 ho-

51 2252 187 2309 nestum:
212 2241 835 2330 6666666661666666661666,6666666
854 2243 956 2306 virtus
975 2255 1043 2318 est,
1064 2231 1191 2335 autiss
1211 2257 1302 2328 gesta
1320 2247 1388 2310 vir-
1432 2274 1457 2309 ·.

52 2345 137 2397 tute.
160 2335 287 2416 Quibus
304 2336 336 2399 in
355 2338 473 2402 rebust
491 2337 557 2402 vita
574 2338 777 2409 consentiens
800 2337 1038 2422 virtutibusque
1055 2341 1274 2428 respondens,
1298 2354 1391 2405 recta
1410 2411 1414 2415 ,

54 2437 83 2487 et
99 2428 236 2492 honesta
258 2441 290 2492 et
308 2442 459 2493 constans
475 2443 506 2493 et
525 2443 658 2497 natmae
674 2451 861 2516 congruens.
871 2430 1050 2501 6616666661,
1059 2442 1181 2514 potest.
1205 2433 1259 2495 67.
1275 2434 1386 2517 Atque

53 2521 126 2584 hacc
147 2522 333 2587 coniunctio
353 2523 566 2609 confusioque
584 2525 761 2601 virtutum,
786 2536 891 2589 tamen
910 2548 926 2588 a
945 2523 1150 2609 philosophis
1163 2527 1290 2592 ratione
1309 2548 1387 2612 qua-

56 2615 120 2676 dam
134 2616 356 2701 distinguitur.
379 2619 464 2683 Nam
477 2640 574 2703 quum
596 2620 639 2682 ita
655 2620 826 2702 copulatae
846 2641 1074 2706 connexaeque
1093 2620 1194 2698 sinit,
1218 2634 1254 2684 ut
1276 2644 1388 2687 omnes
1423 2674 1430 2681 .

57 2708 189 2773 omnium
204 2708 380 2792 participes
394 2710 475 2785 sint,
500 2733 560 2776 666
576 2713 692 2777 aliaab
712 2713 772 2779 alia
790 2715 894 2795 possit
908 2713 1074 2796 separari:
1099 2725 1204 2788 tamen
1218 2718 1387 2801 puo'prium

55 2821 137 2863 suum
150 2801 306 2888 cuiusque
319 2820 430 2866 munus
443 2815 509 2880 est3
532 2817 567 2868 ut
584 2806 743 2871 fortitudo
756 2807 788 2870 in
803 2809 967 2872 laboribus
974 2807 1191 2893 periculisque
1202 2812 1387 2886 cernatur⁹;

56 2896 259 2976 temperantia
285 2897 319 2959 in
343 2894 892 2987 praetermittendis[voluptatibus3
924 2903 1094 2984 prudentia
1118 2903 1150 2965 in
1176 2905 1301 2968 delectu
1326 2906 1389 2967 ho-

57 3008 163 3051 norum
178 3001 210 3053 et
222 2991 398 3068 malorum
419 2991 537 3057 iustitis
548 2995 580 3057 in
591 3017 652 3060 suo
667 2995 781 3080 cuique
796 2995 980 3062 tribuendo.
1004 2997 1141 3078 Quando
1150 2999 1178 3041 ¹⁰
1191 2997 1290 3083 igitur
1305 3000 1388 3063 inest

59 3078 89 3141 in
110 3082 334 3148 omnivirtute
359 3107 436 3151 cura
463 3092 614 3170 quaedam
640 3089 733 3173 quasi
753 3090 1036 3172 forasspectans,
1066 3091 1210 3176 aliosque
1233 3107 1387 3176 appetens

59 3184 146 3258 atque
167 3179 405 3259 complectens,
426 3179 552 3249 exsistit
571 3182 664 3262 illud,
689 3184 852 3261 6166661,
877 3198 912 3248 ut
928 3185 1064 3263 frutres,
1076 3199 1122 3248 'ut
1138 3187 1329 3272 propinqui,
1353 3199 1390 3251 ut
1479 3226 1491 3238 =
1584 3244 1585 3251 ,

59 3266 176 3346 affines,
201 3282 239 3333 ut
256 3270 364 3346 cives,
387 3283 423 3334 ut
440 3294 551 3339 ornnes
569 3277 896 3363 denique.(quando¹²
912 3302 1005 3343 uuam
1023 3272 1209 3344 societatem
1224 3283 1387 3359 hominurn
1470 3296 1477 3315 ‘

60 3378 123 3423 esse
145 3364 499 3458 volumus¹²)‚propter
520 3389 553 3430 se
576 3370 747 3452 expetendi
768 3373 842 3439 sint.
878 3375 989 3458 Atque
1012 3397 1123 3439 corum
1147 3376 1227 3439 nihil
1250 3389 1304 3440 est
1321 3377 1389 3441 eins
1446 3420 1453 3429 .-

60 3456 198 3534 gcueris‚
227 3471 272 3521 ,ut
295 3458 336 3525 sit
357 3459 389 3527 iu
414 3460 477 3524 fine
501 3472 597 3547 atque
617 3477 762 3533 extremo
785 3470 958 3533 bonorum.
1014 3471 1067 3533 68.
1099 3472 1149 3533 Ita
1177 3470 1233 3544 fit,
1266 3482 1302 3533 ut
1324 3473 1387 3535 duo

60 3565 171 3628 genera
192 3565 343 3634 propter·
357 3575 391 3617 se
414 3559 665 3635 expetendorum
687 3562 908 3644 peperiantur:
942 3585 1058 3639 66666,
1074 3572 1075 3581 ’
1089 3565 1177 3648 quod
1202 3575 1250 3626 est
1274 3565 1307 3626 in
1327 3563 1386 3640 iis,

54 3638 202 3738 'quibus
224 3647 407 3731 completur
428 3647 508 3712 illud
523 3662 722 3728 extremum
745 3676 826 3738 quae
850 3668 925 3722 sunt
942 3669 996 3719 aut
1015 3657 1128 3734 animi,
1153 3670 1207 3720 aut
1225 3659 1388 3740 corporis.

62 3729 145 3807 Haec
161 3751 276 3816 antem,
302 3763 381 3824 quae
398 3752 471 3805 sunt
487 3746 696 3825 extrinsecus,
720 3748 753 3813 id
769 3761 829 3825 est,
854 3771 935 3834 quae
949 3773 1052 3834 neque
1066 3753 1218 3817 inanimo
1233 3752 1387 3826 insensu,

62 3844 158 3912 neque
180 3832 211 3895 in
234 3856 394 3927 corpore,
420 3848 455 3900 ut
474 3839 584 3915 amici,
609 3855 644 3905 ut
665 3855 833 3925 parentes,
859 3856 893 3906 ut
915 3846 1027 3923 liberi,
1054 3842 1096 3908 ut'
1107 3845 1281 3930 propinqui
1293 3847 1328 3922 ¹⁵,
1353 3854 1391 3908 ut

94 3983 129 4060 (ι)
148 3998 387 4048 -communitas
406 3998 467 4053 cdd
487 4001 550 4073 aliqt
573 4003 612 4070 (²)
631 4033 669 4047 -
689 4021 754 4059 cum
774 4004 843 4061 Cdd.
864 4003 955 4080 (Man.
977 4005 1019 4072 C.)
1040 4008 1072 4060 L.
1090 4007 1173 4081 Seqq.
1186 4037 1225 4049 -
1237 4026 1298 4062 cum
1312 4011 1391 4062 Prio-

64 4076 109 4114 ret.
147 4063 184 4138 (³)
203 4088 268 4122 cum
288 4070 359 4125 Cdd.
380 4074 412 4127 P.
434 4075 480 4129 Cr.
500 4077 534 4130 V.
553 4079 588 4131 D.
609 4078 645 4132 G.
664 4087 691 4136 2.
712 4100 750 4135 z
769 4082 920 4133 adiunctae
939 4092 1006 4133 sum
1024 4083 1067 4135 M.
1087 4083 1119 4152 L.
1139 4086 1222 4138 Grut.
1233 4092 1262 4140 ·1.
1301 4084 1339 4151 (4)
1353 4099 1391 4136 os

64 4138 194 4203 iwddam
213 4149 372 4215 ingenitum
391 4136 465 4222 Spin.
485 4152 543 4205 Erl.
565 4154 678 4226 (Margo
697 4158 758 4224 Cr.)
778 4157 930 4231 (quoddam
948 4163 1077 4209 innatum
1096 4156 1153 4232 lu.)
1204 4157 1243 4228 (⁵)
1269 4173 1308 4211 ω
1333 4176 1413 4211 om..

65 4225 110 4276 “⁴¹4
128 4212 198 4288 Spin.
216 4221 278 4274 Eat·
297 4227 346 4289 (·-
359 4222 472 4296 fimdet
488 4245 520 4279 ss
539 4233 570 4280 in
588 4229 661 4297 Erl.)
711 4231 750 4299 (ὃ)
770 4260 808 4275 -
828 4250 884 4285 om.
905 4232 972 4301 haec
992 4236 1024 4285 V.
1079 4232 1117 4298 (⁷)
1138 4262 1173 4278 --
1193 4234 1291 4303 pacibus
1310 4233 1392 4286 rebus

64 4283 160 4343 Bremii
180 4311 207 4348 et
227 4296 263 4350 G.
284 4316 359 4373 susp.
387 4300 419 4353 ln
441 4297 509 4355 adl
529 4302 565 4358 G.
586 4309 749 4376 opinionem
769 4313 898 4367 mutauit.
943 4307 983 4383 (θ)
1003 4325 1066 4366 cum
1087 4307 1157 4362 Cdd.
1178 4309 1224 4362 Cr.
1246 4311 1276 4360 V.
1296 4310 1332 4364 D.
1354 4309 1391 4362 G·
1489 4342 1494 4345 “
1541 4358 1551 4374 .

32 4434 36 4443 ,
66 4360 225 4423 20-th
243 4374 273 4427 P.
294 4374 336 4428 lu.
357 4376 399 4429 M.
418 4376 450 4457 1..
471 4385 496 4435 1.
517 4376 582 4452 (Cd.
602 4381 689 4434 Paris.
718 4400 775 4437 om.
805 4393 837 4436 nt
869 4401 895 4436 0·
929 4402 954 4438 ⁰·
971 4394 1050 4456 parl-
1070 4390 1128 4452 ⁸52²
1155 4383 1234 4457 P¹⁰b·
1260 4384 1313 4449 D.‚
1343 4390 1392 4454 qui
1468 4398 1476 4413 ⁸

8 4474 10 4483 ι
63 4447 679 4529 66666666666616666-6666666)
718 4456 757 4525 (9)
774 4474 814 4512 ss
831 4464 957 4513 cernitur
976 4460 1010 4512 D.
1033 4476 1108 4531 susp.
1147 4461 1393 4530 (1⁰)anuontam

68 4510 129 4566 ctd.
149 4518 211 4592 aliq.
248 4521 301 4597 (¹¹)
320 4533 505 4597 septennium
524 4530 582 4585 Eri.
609 4531 764 4605 Utrumque
784 4535 838 4586 hoc
857 4540 988 4605 quoniam
1008 4550 1103 4589 verum
1122 4552 1197 4606 puto.
1238 4533 1393 4608 (1916666-

68 4599 121 4637 mus
136 4596 193 4646 essi
211 4597 352 4651 hominum
370 4603 415 4655 lu.
436 4603 513 4657 Crat.
532 4635 570 4650 ·-
589 4624 649 4659 essa
666 4609 796 4677 volrsgnus
814 4610 955 4663 homiuum
975 4611 1089 4676 Marso,
1110 4616 1206 4663 nescio
1221 4628 1303 4680 quum
1316 4629 1392 4675 uere,

69 4674 93 4711 et
111 4663 274 4739 Cranandm,
296 4675 364 4729 huic
385 4678 565 4745 6666616166,
586 4680 684 4735 tribuit
705 4684 757 4749 G.‚
780 4691 825 4738 cni
846 4691 875 4737 in
896 4686 996 4738 talibus
1017 4701 1157 4757 nunqnam
1180 4703 1220 4739 est
1241 4685 1393 4745 fidendum..

69 4732 141 4797 Hunc
163 4760 253 4801 tamen
273 4750 400 4807 ordinem
421 4761 526 4828 recepit
547 4752 612 4808 Sch.
633 4762 674 4813 2..
697 4761 776 4829 prob.
796 4764 877 4814 Beier
897 4756 954 4831 Off.
974 4763 1010 4815 Τ.
1030 4762 1100 4833 l.'p.
1122 4768 1184 4823 105.
1225 4761 1274 4828 (¹³)
1295 4768 1343 4816 Sic
1361 4748 1393 4816 15.
1417 4788 1424 4805 s

70 4811 107 4870 (¹¹1
125 4817 247 4876 volebant
267 4826 300 4878 t..
321 4828 370 4894 G.)
391 4828 457 4883 Sch.
479 4833 512 4885 2.
526 4860 561 4873 -
582 4833 726 4904 inquibus
747 4838 849 4890 Ceteri.
890 4838 944 4902 (¹¹⁴)
961 4854 1023 4889 cnm
1044 4836 1112 4891 Cdd.
1133 4839 1179 4890 Cr:
1201 4842 1231 4889 V.
1254 4838 1288 4890 l).
1310 4840 1344 4891 G.
1366 4845 1392 4893 2.

70 4907 102 4931 n·
120 4892 148 4941 iu
165 4904 264 4950 animis
282 4910 349 4953 sum
367 4905 398 4959 Ρ.
420 4935 456 4949 -·
474 4911 504 4958 itt
523 4910 617 4982 auimo
637 4917 704 4960 unu
723 4912 764 4969 M.
786 4913 829 4977 La
841 4924 866 4969 1·
895 4911 946 4987 (ὓ)
966 4942 1000 4955 ’”
1020 4913 1095 4966 “²⁶⁰
1116 4916 1147 4965 “i
1163 4913 1253 4985 liberi*
1268 4923 1391 4989 ut'prop'

72 4971 120 5014 um.
139 4968 222 5028 Mars.
242 4977 284 5029 16.
305 4976 383 5048 prob.
405 4980 441 5036 G.
459 4986 462 4993 ⁴
1149 5008 1155 5015 i

148 5069 214 5117 Cicer.
225 5078 347 5149 Annlsmie.
421 5082 428 5131 l
571 5132 572 5139 1
977 5052 1032 5129 ss
