3226 5488
595 419 897 488 ACADEMICA.
937 366 939 373 >
1340 423 1401 488 297

67 567 143 632 lere
166 575 273 650 potest
307 577 339 629 et
368 566 554 651 plerumque
589 565 683 630 solet.
743 564 818 648 Non
840 584 953 639 mens,
981 563 1053 650 quia
1087 561 1260 647 phantasiis
1282 562 1401 642 utitur,

68 661 217 745 nihilque
239 661 307 724 sine
329 660 391 723 illis
414 660 564 742 excipere
586 673 642 724 aut
663 681 760 746 agere
783 659 879 732 valet.
925 661 1008 723 Nam
1024 659 1155 723 notitiae
1170 659 1403 743 prolepsesque
1454 690 1459 697 ¹

67 756 244 819 universae
267 776 308 817 ex
328 755 501 836 phantasiis
524 767 628 818 ortum
650 756 786 828 habent;
824 775 864 816 ex
886 752 936 816 his
959 764 991 816 et
1012 774 1177 816 sermones
1199 764 1273 815 sunt
1295 764 1326 815 et
1350 775 1403 816 ar·
1489 787 1500 809 ι

69 848 329 935 gramentationes
350 860 511 917 constant.
556 845 631 930 Ipsa
654 837 949 922 dialectice,'cuius
972 849 1067 908 diictu
1090 858 1123 910 et
1147 867 1246 928 opera
1269 847 1402 912 ratioci-

70 944 220 1006 nationes
241 943 490 1028 eompinguntur
512 954 607 1026 atque
629 941 825 1015 iudicantur,
861 941 982 1009 lubrica
1005 951 1053 1002 est
1075 942 1111 1002 ac
1132 941 1252 1005 fallax:
1288 955 1322 1005 ut
1344 956 1404 1011 nee

75 1038 239 1112 decretis,
264 1057 346 1121 quiae
368 1036 545 1100 huiusmodi
569 1034 744 1098 rationibus
765 1033 924 1107 nituntur,
948 1033 1076 1096 nimium
1099 1035 1197 1096 fidere
1221 1038 1402 1101 debeamus.

75 1132 134 1197 Sic
146 1132 253 1215 itaque
269 1131 473 1213 percipientis
496 1130 640 1205 ratione,
665 1128 697 1191 id
712 1139 786 1201 est5.
805 1127 952 1203 hominis,
973 1130 1010 1189 de
1028 1149 1116 1210 quio,
1139 1146 1236 1212 ιμιιιιιι
1254 1132 1291 1192 de
1314 1151 1404 1192 eom-

75 1227 306 1308 prehendendo
338 1225 466 1309 agitur,
501 1245 607 1287 sermo
629 1235 699 1297 est,
739 1222 841 1285 omnia
872 1243 942 1284 esse
967 1221 1298 1303 incomprehensibilia
1322 1221 1404 1286 Car·
1437 1288 1442 1291 ,

72 1319 185 1382 neadis
207 1317 361 1382 sententia
382 1317 461 1392 suit,
493 1301 589 1400 qiuim
613 1317 776 1383 Arcesilas
799 1315 857 1394 (uti
880 1315 1124 1395 arbitrabamur)
1140 1337 1190 1378 res
1207 1315 1300 1377 etiam
1317 1316 1405 1398 ipsas

73 1435 143 1477 non
172 1425 263 1476 extra
292 1413 417 1494 eulpam
442 1424 621 1493 poneretu
650 1413 712 1474 Sed
735 1412 926 1473 confirmare
948 1412 1026 1473 haec
1050 1408 1192 1473 veterum
1217 1409 1404 1519 testimoniis

75 1510 195 1570 debere
217 1505 421 1571 nesscimus.
466 1505 638 1571 Numenius
661 1504 746 1585 apud
762 1504 956 1566 Ειιειιῐιιιιιιι1
979 1507 1017 1567 de
1041 1502 1225 1568 Carneade.
1274 1483 1402 1614 Τογὰρ

73 1596 207 1681 ailadis
233 1605 288 1666 καὶ
318 1596 356 1665 nei
385 1601 553 1693 ιιιειιδος’
538 1624 571 1665 εν
603 1605 671 1676 τοῖς
699 1593 891 1706 πμοὲγμασιν
925 1599 1044 1664 ἐνεῖναι
1073 1598 1264 1705 συγχωρῶν,
1301 1587 1404 1685 dignen

73 1689 368 1783 σννεργαζὸμενος,
404 1696 520 1775 niet
492 1689 653 1775 ζιιτιισειος
683 1687 793 1782 τρόπῳ
822 1692 1011 1757 παλαιστοῦ
1039 1693 1144 1758 δεινοῦ
1176 1687 1281 1776 λαδιιν
1309 1686 1403 1769 δοὺς,

4 1832 5 1835 =
73 1803 177 1875 περιει
178 1789 291 1873 i7varo
318 1787 425 1854 ἔνθεν.
447 1785 533 1853 κατὰ
555 1785 619 1877 γὰρ
643 1783 702 1867 τὴν
730 1809 790 1850 τον
777 1786 1007 1851 πιθανοῦ(
990 1784 1094 1875 pontin
1122 1782 1275 1873 ἑκάτερον
1295 1808 1404 1869 παρα-

74 1878 199 1968 σχὼν,
195 1870 429 1969 οὐδέτερον
399 1905 466 1946 ειπε
485 1882 628 1984 βεβαίως
650 1874 994 1964 καταλαμβάνεσθαι,
1015 1880 1047 1943 id
1070 1893 1136 1944 est:
1173 1881 1297 1942 Verum
1320 1878 1403 1941 enim

73 1986 107 2036 et
129 1973 241 2036 salsum
264 1974 391 2036 rebus
382 1971 462 2078 ipsis
484 1974 586 2037 inesse
607 1975 803 2047 concedens,
842 1972 932 2056 quasi
961 1974 1015 2056 qui
1037 1974 1250 2055 (adversario)
1274 1975 1403 2035 cederet

3 2116 4 2127 ,
74 2079 108 2129 et
130 2064 213 2129 illius
236 2067 330 2129 etiam
353 2067 422 2148 ipse
444 2066 503 2130 iam
526 2089 593 2130 rem
616 2079 744 2153 ageret,
770 2068 858 2129 velut
881 2066 1014 2130 callidus
1030 2070 1169 2132 luctator
1184 2088 1259 2129 ansa
1281 2078 1420 2128 tantum·

3 2210 5 2245 ι
75 2172 108 2223 et
131 2181 215 2223 nexu
237 2160 441 2243 disputationi
462 2161 636 2242 perusino,
670 2160 757 2223 illinc
778 2182 954 2245 rursusque
975 2182 1044 2253 sese
1066 2161 1243 2225 extricabat
1266 2173 1297 2224 et
1322 2160 1402 2223 resi·
1482 2204 1486 2207 -

3 2306 5 2339 ι
73 2255 187 2317 liebat.
230 2256 284 2317 Ex
312 2255 547 2336 probabilitatis
580 2254 660 2318 enim
689 2254 815 2318 ratione
848 2265 879 2316 et
910 2246 1071 2319 momento
1096 2244 1232 2340 'utroque
1260 2255 1400 2329 tributo,

2 2401 3 2431 ι
74 2359 221 2411 ιιιιιιιιιιιιι
245 2348 372 2412 dicebat
392 2349 526 2412 firmiter
546 2347 784 2430 comprehendi.
830 2346 996 2413 Ciceroni
1012 2351 1191 2413 Lucullo²t
1217 2348 1317 2423 „Veri
1333 2368 1402 2411 esse

2 2496 4 2527 ι
74 2441 195 2525 aliquid
226 2447 290 2505 non
319 2463 488 2527 negamus,
527 2443 651 2524 percipi
679 2464 776 2525 posse
809 2444 995 2528 negamus.”
1049 2446 1094 2506 Et
1131 2443 1194 2508 alio
1221 2444 1254 2507 in
1284 2443 1400 2507 loeo³s

2 2588 3 2617 ι
73 2537 174 2610 „Non
204 2536 285 2599 enim
315 2537 487 2613 sumusii,
519 2536 634 2621 quibus
661 2537 737 2600 nihil
767 2559 877 2602 verum
909 2559 977 2601 esse
998 2538 1167 2600 videatur:
1204 2541 1260 2602 sed
1280 2537 1321 2612 ii,
1347 2535 1403 2621 qui

74 2627 223 2692 omnibus
246 2629 330 2692 veris
351 2624 432 2692 falsa
454 2634 606 2717 quaedam
630 2632 774 2693 adiuncta
798 2653 865 2695 esse
889 2632 1040 2709 dieamus,
1075 2644 1161 2695 tanta
1185 2631 1400 2705 similitudine,

1 2777 2 2784 ,
73 2733 111 2785 ut
133 2722 217 2785 nialla
233 2722 312 2787 insit
334 2736 420 2787 certa
441 2723 599 2788 iudicandi
623 2738 655 2788 et
678 2726 868 2789 assentiendi
890 2726 1001 2791 nota.’'
1058 2727 1111 2789 Ad
1142 2727 1224 2788 hanc
1246 2725 1401 2797 rationem

1 2873 2 2878 ,
73 2815 198 2880 illustre
218 2816 298 2880 illud
318 2821 403 2900 apud
423 2819 624 2882 Philonem
615 2841 648 2882 ιιι
669 2819 778 2882 libello
800 2823 838 2882 de
861 2819 1038 2883 ebrietate¹
1060 2819 1267 2902 acatalepsiae
1289 2831 1402 2926 patro·

74 2910 190 2973 ciuium
214 2925 262 2975 est
283 2912 501 2977 referendum:
530 2912 597 2980 Τὸν
614 2917 728 2999 μέντοι
750 2908 989 3023 σεμνυνόμενον
1005 2909 1176 2997 (inquit)'
1156 2940 1175 2994 ιι
1194 2914 1246 2978 ἐπὶ
1263 2936 1306 3003 τῳ
1291 2913 1402 2996 βον-

73 3000 289 3087 λεύεσθαι,
274 3002 297 3088 ai
319 3008 369 3073 επὶ
392 3009 436 3099 τῷ
458 3005 502 3073 τὰ
521 3036 544 3093 μ
547 3016 580 3074 ἐν
600 2942 794 3118 ιδιριῖσθαι,
818 3003 910 3073 τὰδὲ
896 3003 1109 3119 spasiyaev
1077 3010 1194 3087 inerme
1216 3000 1403 3084 διινασθαι,

73 3095 132 3164 διὰ
165 3094 289 3167 τούτων
316 3095 550 3187 ὑπομνηστέον
580 3098 611 3168 εἰ
637 3109 697 3189 μὲν
720 3096 786 3167 ἀπὸ
816 3102 879 3171 τῶν
900 3127 1008 3175 οντων
1028 3098 1133 3180 αντας
1160 3097 1211 3168 ἀεὶ
1232 3099 1402 3184 συνέβαινε

72 3194 283 3304 προςπὶπτειν
311 3189 588 3305 ἀπαραλλάκτους
620 3195 824 3288 φαντασίας,
858 3193 900 3276 ἠν
926 3197 1004 3274 ἴσως
1032 3190 1213 3281 ἆναικαῖον
1242 3188 1288 3261 τά
1311 3217 1345 3260 τε
1369 3194 1403 3258 ἐν

71 3282 151 3373 ἡμῖν
178 3283 292 3365 αὐτοῖς
317 3284 415 3380 φύσει
436 3292 758 3356 κατασκευασθέντα
781 3287 877 3355 διττιι
905 3315 1013 3408 apen
1002 3315 1074 3370 οια,
1103 3291 1268 3371 αἴσθησιν
1286 3312 1320 3353 τε
1346 3290 1403 3353 καὶ

71 3381 167 3473 νοῦν,
190 3375 233 3461 ὡς
256 3378 389 3494 ἆψενδιι
407 3390 463 3450 καὶ
486 3378 652 3450 αἰδὲναστα
674 3379 877 3492 θαυμάζειν
889 3391 944 3450 καὶ
964 3408 1015 3469 πε
1014 3410 1037 3449 ιι
1055 3380 1194 3471 μηδενὸς
1219 3375 1402 3463 ἐνδοιάζον

71 3499 135 3552 τας
156 3476 285 3563 ἐπέχειν
309 3472 394 3543 oillei
413 3500 483 3556 τοις
503 3470 591 3559 ἅπαξ
612 3481 744 3587 φανεῖσι
765 3472 980 3554 πιστεύοντας
999 3474 1122 3571 τὰμὲν
1144 3479 1337 3587 αἱρεῖσθαι,
1358 3498 1402 3540 τα

72 3571 109 3634 δὲ
133 3568 273 3654 ἔμπαλιν
289 3565 578 3663 ἀποστρέφεσθαι.
600 3568 765 3653 ἐπειδὴδὲ
787 3567 991 3682 διαφδοως’
972 3548 1024 3638 απ
1044 3567 1153 3681 αιἰτῷν
1164 3565 1401 3682 εὑρισκόμεθα

72 3687 183 3743 κεκινιι
173 3666 292 3749 ιμένοι,
314 3666 453 3778 βέβαιον
457 3671 540 3775 napi
560 3662 783 3745 οὐδενὸςῖἑ
708 3660 845 3732 otidis
823 3691 864 3732 αν
879 3664 1014 3776 ι’χοιμεν
1022 3658 1137 3744 sinam,
1159 3655 1215 3730 ἅτε
1235 3692 1281 3779 μιι
1303 3663 1401 3730 ιστῶ·

72 3779 140 3835 τος
157 3757 216 3823 τοῦ
241 3761 418 3870 ιιιαιιὲντος,
446 3754 532 3831 ἄλλα
559 3755 781 3871 πολυτρόποις
808 3765 863 3826 καὶ
886 3763 950 3825 πολ
942 3753 1130 3869 ιιμόοιιιοις
1136 3762 1303 3868 χρωμένου
1328 3782 1402 3834 ταις

69 3853 283 3966 μεταβολαῖς.
322 3848 468 3939 Ἀνάγκη
457 3879 561 3942 ιγαρ
590 3849 767 3943 ιἰνιδρύτοιι
794 3855 853 3934 τῆς
882 3876 1070 3943 φαντασιας
1099 3849 1199 3933 οὔσιις
1227 3847 1403 3938 ἆνὶδριιτον

71 3936 162 4011 εἶναι
181 3970 238 4011 και
257 3942 317 4053 τὴν
336 3942 380 4014 ἐπ
407 3943 490 4042 αδτιι
511 3949 634 4039 κρίσινς
665 3918 785 4011 idest·
810 3950 893 4013 Eum
915 3948 1032 4034 igitur,
1058 3947 1113 4032 qui
1135 3947 1195 4013 sibi
1217 3946 1341 4028 placeat
1363 3965 1400 4005 ac
1419 3940 1443 3961 '⁴

72 4040 191 4115 iactet,
223 4036 309 4103 vel
300 4062 332 4104 ιιι
360 4021 497 4111 consilio
519 4041 691 4124 capiendo,
731 4041 820 4105 vel
810 4065 844 4105 111
873 4043 932 4117 iis,
970 4063 1051 4126 quae
1074 4038 1232 4124 seligenda
1256 4057 1401 4124 quaeque
1494 4070 1503 4099 .·

72 4131 246 4197 reiicienda
268 4146 360 4210 saint,
396 4133 471 4197 satis
496 4134 625 4220 ingenio
646 4146 679 4198 et
700 4135 854 4217 sapientia
875 4136 1001 4210 valere,
1037 4133 1083 4197 his
1106 4136 1277 4198 admonere
1301 4134 1402 4214 op'or·

72 4238 133 4290 tet.
179 4227 213 4290 Si
233 4227 358 4312 quidem
374 4231 414 4291 ah
434 4228 544 4291 iisdem
561 4250 685 4311 semper
707 4232 801 4292 rebus
818 4233 940 4292 easdem
965 4229 1116 4313 nulloque
1135 4227 1314 4292 discrimine
1337 4223 1403 4288 dis·

72 4318 192 4385 similes
213 4322 394 4403 phantasias
417 4322 589 4387 occurrere
612 4323 834 4407 contingeret,
870 4336 952 4386 esset
978 4323 1072 4385 etiam
1094 4323 1231 4386 fortasse
1254 4341 1400 4390 necessa,-

70 4412 176 4488 rium‚
212 4418 276 4478 duo
305 4415 337 4478 in
368 4416 461 4481 nobis
491 4427 642 4480 enatura
663 4416 819 4480 fabricata
842 4439 879 4481 ae
901 4428 1091 4482 constructa
1105 4416 1235 4493 iudicia,
1275 4436 1400 4479 sensum

70 4506 225 4572 videlicet
245 4520 278 4572 et
298 4509 560 4594 intelligentiam,
583 4508 711 4593 plunimi
731 4511 839 4574 facere
862 4511 906 4575 uti
924 4511 1110 4592 incorrupta
1133 4522 1260 4595 atquae
1276 4508 1401 4571 minime

70 4601 303 4678 mentirentur,
342 4615 402 4666 ne'e
429 4607 468 4668 de
496 4606 559 4668 ulla
588 4616 818 4688 remporteret
840 4604 1017 4668 dubitantes
1041 4625 1199 4667 assensum
1222 4602 1398 4678 sustinere,

70 4697 131 4759 sed
151 4696 328 4778 phantasiis
348 4700 448 4762 semel
469 4698 584 4764 oblatis
607 4699 738 4763 fidentes
759 4698 815 4763 illa
837 4701 964 4784 quidem
986 4719 1132 4782 capere,
1147 4697 1303 4761 declinare
1326 4693 1405 4763 aliae
1477 4736 1480 4747 ι
1525 4688 1529 4699 ’

1236 4842 1400 4864 --·--.·ι

148 4915 175 4992 (1
174 4917 188 4994 )
206 4858 334 4995 Piaepar
352 4920 458 4996 Evang.
484 4922 515 4977 l.»
536 4923 638 4993 siud
656 4942 684 4996 p
705 4928 769 4986 758
787 4926 817 4979 A·
844 4922 882 5000 (7)
902 4924 934 4980 C.
948 4930 999 4991 58
1038 4924 1075 4994 (³)
1094 4924 1136 4981 De
1159 4940 1258 4987 natura
1278 4925 1362 4980 Deor
1380 4921 1403 4985 l

70 4995 154 5065 Μ·
192 4996 280 5072 (hp
300 4999 365 5058 265
385 5015 462 5073 seqq.
720 5050 723 5055 ι
