3226 5488
532 395 535 401 ’
583 416 881 504 ucnnnnucn.
925 458 957 503 ·,
1320 440 1383 507 ιιι
1425 404 1428 409 '

59 589 133 642 tum
154 588 255 660 puto:
280 601 361 666 quae
382 580 464 645 enim
485 579 658 657 necessitas
677 583 782 666 adegit
798 581 1011 657 Carneadem,
1039 592 1075 646 nt
1088 602 1186 666 qmrm
1199 580 1309 646 liceret
1327 594 1382 646 ant
1472 555 1477 567 ,
1520 658 1522 665 Ι

59 673 283 737 assentientem
304 687 502 743 antretento
524 697 672 754 assensu,
709 676 871 763 probabili
897 677 962 751 uti,
997 676 1141 739 assentiri
1160 675 1379 759 impercepto,
1456 722 1460 737 .

57 768 96 832 id
122 779 188 844 est,
212 769 357 852 opinari,
389 772 496 854 potius
523 776 642 842 vellet?
663 777 710 838 At
721 775 756 839 ‘is
778 772 832 859 qui
852 791 1012 854 nunquam
1035 769 1158 852 opinari
1177 769 1240 834 sibi
1256 792 1380 853 propo·
1472 853 1480 858 Q

57 862 181 938 suerit,
221 884 280 945 qua
299 867 400 947 possit
421 867 546 932 meliori
569 871 716 934 cantione
738 889 830 951 quarn
853 866 975 947 epoche
1001 864 1045 926 uti
1074 865 1159 927 nulla
1181 876 1240 927 est.
1284 867 1379 939 „No-

57 956 112 1019 bis
135 957 193 1036 (ait
214 955 368 1039 ciceron
390 959 523 1040 primum
545 964 636 1028 etiam
659 964 686 1027 si
710 961 787 1047 quid
807 958 930 1042 percipi
946 957 1068 1039 possit,
1092 968 1195 1020 tamen
1210 957 1277 1038 ipsa
1300 978 1379 1021 con·

56 1055 198 1129 suetudo
219 1052 406 1117 assentiendi
428 1055 607 1136 periculosa
637 1059 709 1121 esse'
730 1056 856 1118 videtur
871 1063 909 1116 'et
934 1049 1106 1113 lubrical',
1134 1052 1179 1114 Ut
1200 1063 1304 1112 autem
1327 1050 1375 1125 ei,
1484 1080 1490 1103 ι

56 1144 119 1227 qui
140 1167 156 1207 a
178 1145 319 1226 periurio
341 1159 431 1211 tutus¹
449 1170 518 1213 esse
540 1153 664 1234 cupiat,
688 1173 747 1214 nec
767 1149 874 1212 iurare
896 1145 1023 1227 omnino
1046 1143 1163 1226 optima
1187 1144 1293 1229 cautio
1317 1156 1375 1220 est,

55 1239 111 1323 ⁴sic
138 1241 190 1324 qui
217 1241 416 1322 impercepto
445 1245 588 1308 assentiri
619 1245 717 1321 nolit,
755 1241 834 1307 nulli
868 1237 1015 1303 assentiri
1047 1239 1236 1301 tutissimum
1268 1238 1377 1303 interit.

53 1333 171 1414 Quid?
192 1337 279 1418 quod
301 1356 359 1397 nec
392 1335 575 1402 Stoicorum
603 1336 707 1423 iurgia
738 1333 906 1420 effugerit,
942 1332 996 1417 qui
1024 1354 1119 1416 quum
1148 1332 1226 1394 nihil
1253 1330 1377 1413 percipi

55 1450 156 1536 posse
178 1428 341 1504 statuerit,
380 1433 523 1510 epochen
555 1435 701 1495 deserat-2
738 1431 846 1513 potius
870 1428 951 1491 enim
974 1425 1075 1490 Stoici
1097 1427 1258 1507 epochen,
1283 1426 1402 1510 quam'
1430 1424 1431 1431 '

56 1521 186 1603 opinari
206 1524 339 1604 sapienti
361 1525 589 1591 concesserint.
648 1525 868 1631 ,ἩΟρίιιιιιιοιιιι
897 1542 977 1584 vero
1011 1531 1043 1582 et
1071 1518 1278 1603 perceptione
1301 1521 1376 1582 suh·

52 1619 124 1679 lata
152 1615 266 1700 (inquit
294 1617 374 1679 idem
407 1617 558 1698 ciceron
591 1621 734 1706 seqnitur
756 1618 895 1683 omnium
917 1615 1135 1679 assensionem}
1157 1613 1314 1676 retentio.
1338 1623 1373 1675 ut

51 1713 248 1786 ostendero,
287 1711 363 1774 nihil
391 1735 487 1795 posse
509 1715 648 1798 percipi,
682 1728 717 1779 tu
738 1713 874 1795 (Stoice)
903 1710 1059 1775 concedas
1085 1727 1245 1803 nunquam
1266 1726 1376 1769 assen·
1410 1764 1415 1780 ,

55 1825 168 1866 sorum
192 1803 298 1867 esse.''

144 1898 322 1962 Galenus³=
344 1896 506 1966 Karta
466 1907 506 1988 pt
508 1925 527 1968 ιι
547 1919 626 1991 τοιις
645 1877 911 1989 Ἀκαδημαιιιοιις
931 1921 966 1963 τε
989 1900 1045 1962 καὶ
1070 1892 1315 2004 Πιιῤῥωιείοιις,
1336 1887 1375 1959 οὐ

54 1993 307 2081 συγχωροῦντας
330 1982 373 2060 ὧν
390 1996 558 2081 ζητουμιιι
563 1974 767 2077 oinddachn'
752 1988 1001 2080 επιστημονικὴιι
1020 1990 1101 2077 ἔχειν
1117 1984 1223 2074 ημᾶς,
1245 1979 1376 2054 ἅπασαι

53 2087 258 2168 ‘'vy'‘“wti
245 2109 324 2163 ‘mc
350 2084 426 2168 ἕξ
406 2110 549 2171 αιαγκης
567 2097 628 2175 μὲν
655 2086 717 2157 εἰσὶ
738 2091 918 2175 προπετεῖς
940 2085 973 2148 id
994 2094 1060 2147 est:
1084 2082 1241 2167 Equidem
1262 2102 1375 2145 secun-

36 2181 131 2244 .dum
154 2179 361 2244 Academicos
383 2193 414 2244 ct
438 2183 659 2270 Pyrrhonios,
685 2184 738 2267 qui
760 2182 841 2246 de”
819 2197 877 2258 ιιι,
901 2183 939 2242 de
962 2177 1076 2264 quibus
1098 2174 1298 2261 quaerimus,
1315 2175 1375 2236 '·de

53 2272 344 2381 monstrationem,
383 2297 464 2357 quae
497 2276 657 2340 scientiam
686 2277 818 2351 efficiat,
855 2277 973 2338 habere
1004 2292 1063 2334 nos
1092 2292 1158 2333 non
1179 2270 1373 2349 concedunt,
1400 2276 1406 2281 “

54 2367 256 2430 assensiones
287 2369 453 2432 universae
475 2372 660 2435 temeritatis
691 2383 763 2436 sunt
791 2382 822 2433 et
843 2367 1048 2452 praecipites.
1101 2365 1186 2429 Illud
1206 2383 1285 2431 vero
1308 2361 1374 2422 ani·
1463 2422 1468 2429 ,

57 2461 279 2524 madversione
302 2463 449 2547 dignum,
475 2468 563 2547 qnod
586 2465 702 2531 Cicero
726 2468 854 2528 adnotat
876 2484 973 2548 quum
994 2457 1138 2541 opinatio
1161 2455 1370 2529 interdicitur,

54 2574 124 2617 non
147 2553 212 2617 alii
213 2574 314 2637 quam
337 2557 469 2639 sapienti
490 2558 688 2622 interdictam
710 2571 833 2642 putare
847 2566 1021 2639 oportere:
1056 2553 1227 2655 „Namque
1249 2571 1312 2614 non
1335 2551 1374 2612 de

53 2658 114 2710 me
132 2648 229 2725 (ait't,
244 2648 344 2712 idest
366 2653 404 2713 de
427 2653 553 2737 vulgari
575 2654 736 2718 hominum
759 2650 954 2737 conditione)
975 2649 1032 2710 sed
1053 2648 1092 2708 de
1114 2643 1254 2728 sapiente
1276 2663 1375 2746 qnae·

55 2741 160 2805 riturt
193 2741 263 2806 visa
285 2744 364 2806 enim
387 2744 446 2809 ista
469 2754 564 2830 quum
586 2748 702 2811 acriter
714 2756 858 2817 ‘mentem
879 2760 1046 2833 sensumve
1060 2738 1267 2821 pepulerunt,
1291 2734 1375 2799 acci·
1422 2762 1425 2781 ι

30 2843 34 2847 '
54 2856 133 2916 pro,
163 2834 278 2920 hisque
298 2837 455 2902 interdum
478 2841 570 2903 etiam
593 2841 769 2916 assentior,
792 2859 852 2902 nec
871 2827 1016 2942 percipio
1035 2830 1173 2907 tamenss’
1218 2831 1280 2903 Sed
1297 2830 1373 2902 hoe,

56 2939 95 2992 ut
116 2928 191 2992 mihi
212 2931 337 3013 quidem
360 2932 505 3010 ridetur,
528 2928 666 2998 cedentis
689 2946 757 2998 est·
782 2943 818 2996 nt
840 2931 921 2995 enim
944 2932 983 2992 ab
1006 2947 1065 3004 eo,
1090 2926 1147 3037 qui
1161 2923 1286 3008 sapiens
1310 2941 1381 2986 ιιοιι
1447 2962 1462 2973 =

55 3022 118 3100 sit,
140 3025 290 3106 proficiat
309 3036 417 3099 tamen
435 3029 475 3090 ad
496 3027 667 3105 virtutem,
692 3025 814 3101 Stoici,
838 3045 934 3108 quum
956 3018 1228 3131 κατορθώματα,
1249 3018 1283 3080 id
1308 3025 1375 3088 est,

54 3128 146 3180 recte
167 3117 269 3195 saeta,
308 3119 464 3201 praestari
492 3138 557 3185 non
585 3142 682 3204 posse
710 3120 850 3194 dicant,
872 3116 975 3183 officia
996 3117 1144 3202 exigunt,
1183 3112 1216 3177 id
1237 3123 1303 3185 est,
1336 3109 1377 3173 ad

57 3208 210 3291 sapientis
233 3215 411 3296 exemplum
433 3214 664 3297 philosophum
681 3236 751 3280 sese
771 3232 965 3295 componere
986 3210 1118 3274 iubent:
1162 3207 1208 3271 sic
1229 3205 1322 3270 etiam
1342 3202 1376 3266 in
1406 3274 1411 3290 Ι

55 3304 123 3367 hoc
143 3305 304 3370 studiosus
327 3307 501 3390 sapientiae
522 3308 657 3393 quilibet
677 3309 850 3390 sapientem
872 3305 1010 3370 imitatus
1031 3327 1051 3368 a
1071 3301 1247 3368 temeritate
1261 3319 1377 3363 cavere

57 3407 93 3462 et
114 3399 376 3480 approbationem
398 3413 577 3482 temperare
598 3401 756 3465 debuerit.

145 3492 220 3571 Quo
243 3506 347 3557 antem
370 3495 581 3559 moderamine
611 3496 732 3577 epoche
761 3494 807 3558 nti
828 3492 1021 3578 expedierit,
1054 3505 1091 3557 ut
1118 3485 1378 3570 Pyrrhoniorum
1488 3500 1492 3510 ¹

59 3583 186 3648 illarum
207 3585 379 3670 rigidarnm
401 3588 647 3669 responsionum
670 3587 790 3652 invidia
814 3590 951 3664 vitetur,
976 3608 1068 3651 nemo
1089 3584 1199 3649 melius
1222 3592 1276 3645 nut
1298 3579 1380 3642 dilu-

58 3679 157 3743 oidius
188 3679 347 3750 Cicerone
373 3682 444 3764 ipso
471 3684 588 3756 docet,
626 3682 680 3765 qui
707 3683 740 3745 in
770 3682 856 3747 libro
885 3684 946 3745 iam
969 3681 1093 3762 saepius
1116 3680 1215 3742 citato
1236 3678 1316 3739 haec
1337 3694 1379 3737 ex

59 3771 264 3838 Clitomacho
286 3776 425 3838 refert⁵z
446 3806 448 3815 ⁴
471 3776 579 3855 „Quae
601 3798 698 3860 quum
720 3777 922 3857 exposuisset
944 3773 1190 3855 (Clitomachus)
1212 3766 1376 3851 adiungitt
1472 3762 1478 3773 ’

57 3866 244 3949 Dupliciter
265 3869 325 3951 dici
354 3891 496 3932 assensus
531 3869 686 3932 sustinere
709 3867 896 3951 sapientem.
959 3870 1033 3933 Uno
1056 3869 1295 3947 modo,'qunm
1317 3862 1381 3923 hoc

57 3960 274 4045 intelligatur,
299 3963 429 4033 omnino
449 3985 520 4027 eum
541 3962 589 4026 rei
611 3962 688 4025 nulli
704 3962 865 4025 assentiri:
889 3962 1023 4037 Altero,
1050 3981 1147 4045 quum
1162 3978 1195 4021 se
1211 3978 1229 4018 a
1244 3974 1379 4036 respon·
1449 4002 1455 4009 ι
1559 3968 1564 3983 ‘

59 4056 187 4131 dendo,
211 4068 247 4118 ut
269 4068 322 4120 aut
343 4059 503 4139 approbet
524 4057 600 4141 quid
622 4069 676 4119 aut
696 4056 875 4161 improbet,
912 4042 1082 4128 sustinent,
1107 4054 1265 4134 uticeque
1285 4057 1382 4131 neget

60 4145 181 4255 aliquid
211 4170 314 4236 neque
346 4150 420 4213 aiat.
477 4151 516 4214 ld
538 4172 634 4233 quum
660 4150 705 4212 ita
726 4148 786 4225 sit,
824 4149 956 4212 alterum
978 4148 1126 4228 placere,
1163 4155 1198 4206 ut
1219 4160 1379 4225 nunquam

60 4241 274 4305 assentiatur:
297 4243 430 4321 alterum
451 4254 583 4318 tenere,
608 4254 643 4305 ut
664 4262 799 4326 sequens
822 4240 1079 4327 probabilitatpm
1101 4238 1281 4319 ubicunque
1301 4235 1382 4295 haec

61 4347 119 4398 aut
137 4348 302 4412 occurrat,
327 4347 380 4399 aut
402 4337 539 4413 deficiat,
565 4349 617 4400 ant
638 4355 747 4398 uriam
770 4347 824 4398 aut
845 4356 910 4398 uon
930 4335 1124 4414 respondere
1139 4330 1253 4414 possit.
1276 4327 1381 4406 (Quae

61 4428 190 4513 quidem
211 4451 370 4538 nunquam
392 4429 650 4510 Pyrrhoniorum
669 4428 810 4510 Apha'sia
832 4429 1025 4532 respondere
1047 4423 1237 4488 sustineret:
1260 4422 1316 4483 scd
1329 4420 1383 4482 illa

51 4523 188 4590 Nihilo
219 4523 355 4607 magis,
388 4522 475 4586 nihil
495 4522 628 4599 definio
658 4523 735 4600 cet)
764 4519 965 4605 Subiungit
955 4541 1026 4601 ipse
1047 4517 1190 4584 Cicero·
1224 4516 1331 4595 Quum
1351 4511 1386 4576 id

60 4616 206 4699 placeat,
238 4639 327 4693 eum,
351 4616 406 4701 qui
428 4620 466 4680 de
488 4615 635 4725 omnihus
657 4616 753 4678 rebus
776 4614 934 4679 contineat
955 4635 989 4676 se
1010 4613 1050 4674 ab
1073 4610 1289 4685 assentiendo,
1313 4629 1384 4672 uto·
1464 4692 1469 4698 .

140 4826 226 4902 (¹)1n
254 4828 422 4883 L⁰0⁰fl⁰c
443 4830 490 4886 25
536 4827 573 4900 (3)
592 4833 622 4883 ln
640 4825 806 4882 LuculloC.
826 4831 872 4885 52.
922 4823 960 4900 (³)
991 4826 1032 4878 De
1061 4822 1222 4895 dignotiooe
1251 4826 1384 4875 vitiorum

63 4918 137 5067 Ἥ
156 4908 195 5038 ιέ
205 4910 300 5043 a5n2tmo
318 4909 451 4977 cuiusque
477 4919 550 4961 tunt
577 4923 605 4990 p
626 4907 690 4964 560
709 4904 774 4959 Bas
824 4898 862 4979 (3)
890 4905 921 4958 in
939 4901 1056 4957 Lucullo
1075 4901 1108 4957 C·
1128 4906 1173 4959 2⁰·
1223 4895 1261 4976 (⁵)
1281 4903 1311 4953 1¹¹
1331 4899 1387 4955 ¹⁴⁸·
1481 4967 1483 4972 .

63 4997 82 5034 c
126 4995 143 5032 o
