<?xml version="1.0" encoding="UTF-8"?>
<!DOCTYPE html PUBLIC "-//W3C//DTD XHTML 1.0 Transitional//EN"
    "http://www.w3.org/TR/xhtml1/DTD/xhtml1-transitional.dtd">
<html xmlns="http://www.w3.org/1999/xhtml" xml:lang="en" lang="en">
 <head>
  <title>
</title>
<meta http-equiv="Content-Type" content="text/html;charset=utf-8" />
  <meta name='ocr-system' content='tesseract 3.04.00' />
  <meta name='ocr-capabilities' content='ocr_page ocr_carea ocr_par ocr_line ocrx_word'/>
</head>
<body>
  <div class='ocr_page' id='page_1' title='image "./mtulliiciceroni01orelgoog_0253.png"; bbox 0 0 3188 5492; ppageno 0'>
   <div class='ocr_carea' id='block_1_1' title="bbox 205 446 1116 519">
    <p class='ocr_par' dir='ltr' id='par_1_1' title="bbox 205 398 1116 551">
     <span class='ocr_line' id='line_1_1' title="bbox 205 446 1116 519; baseline 0.003 -2"><span class='ocrx_word' id='word_1_1' title='bbox 205 449 268 517; x_wconf 75' lang='lat' dir='ltr'><strong>aas</strong></span> <span class='ocrx_word' id='word_1_2' title='bbox 629 452 829 519; x_wconf 77' lang='lat' dir='ltr'><strong>nuusnn</strong></span> <span class='ocrx_word' id='word_1_3' title='bbox 857 446 1116 519; x_wconf 79' lang='lat' dir='ltr'><strong>sucnsrlut</strong></span> 
     </span>
    </p>
   </div>
   <div class='ocr_carea' id='block_1_2' title="bbox 51 590 1574 3136">
    <p class='ocr_par' dir='ltr' id='par_1_2' title="bbox 203 590 1518 682">
     <span class='ocr_line' id='line_1_2' title="bbox 203 590 1518 682; baseline 0.002 -25"><span class='ocrx_word' id='word_1_4' title='bbox 203 592 283 657; x_wconf 80' lang='lat' dir='ltr'><strong>volo</strong></span> <span class='ocrx_word' id='word_1_5' title='bbox 307 590 391 656; x_wconf 89' lang='lat' dir='ltr'><strong>inter</strong></span> <span class='ocrx_word' id='word_1_6' title='bbox 415 612 475 661; x_wconf 88' lang='lat' dir='ltr'><strong>nos</strong></span> <span class='ocrx_word' id='word_1_7' title='bbox 498 590 595 659; x_wconf 91' lang='lat' dir='ltr'><strong>bodie</strong></span> <span class='ocrx_word' id='word_1_8' title='bbox 623 591 804 677; x_wconf 79' lang='lat' dir='ltr'>plenissime</span> <span class='ocrx_word' id='word_1_9' title='bbox 833 605 976 674; x_wconf 85' lang='lat' dir='ltr'><strong>constet,</strong></span> <span class='ocrx_word' id='word_1_10' title='bbox 1008 597 1047 659; x_wconf 90' lang='lat' dir='ltr'><strong>ad</strong></span> <span class='ocrx_word' id='word_1_11' title='bbox 1073 615 1168 681; x_wconf 81' lang='lat' dir='ltr'><strong>quarn</strong></span> <span class='ocrx_word' id='word_1_12' title='bbox 1194 593 1412 682; x_wconf 72' lang='lat' dir='ltr'><strong>praestionem</strong></span> <span class='ocrx_word' id='word_1_13' title='bbox 1443 594 1518 662; x_wconf 85' lang='lat' dir='ltr'><strong>nolis</strong></span> 
     </span>
    </p>

    <p class='ocr_par' dir='ltr' id='par_1_3' title="bbox 175 687 1520 778">
     <span class='ocr_line' id='line_1_3' title="bbox 175 687 1520 778; baseline 0.003 -26"><span class='ocrx_word' id='word_1_14' title='bbox 175 762 177 767; x_wconf 68' lang='lat'><strong>,</strong></span> <span class='ocrx_word' id='word_1_15' title='bbox 205 687 427 772; x_wconf 82' lang='lat' dir='ltr'><strong>explicandam</strong></span> <span class='ocrx_word' id='word_1_16' title='bbox 448 709 537 753; x_wconf 88' lang='lat' dir='ltr'><strong>mane</strong></span> <span class='ocrx_word' id='word_1_17' title='bbox 570 691 764 775; x_wconf 85' lang='lat' dir='ltr'><strong>surgendum</strong></span> <span class='ocrx_word' id='word_1_18' title='bbox 793 689 847 754; x_wconf 90' lang='lat' dir='ltr'><strong>sit.</strong></span> <span class='ocrx_word' id='word_1_19' title='bbox 904 690 1018 776; x_wconf 87' lang='lat' dir='ltr'><strong>ltaque</strong></span> <span class='ocrx_word' id='word_1_20' title='bbox 1042 692 1224 775; x_wconf 74' lang='lat' dir='ltr'><strong>responde,</strong></span> <span class='ocrx_word' id='word_1_21' title='bbox 1259 710 1401 778; x_wconf 80' lang='lat' dir='ltr'><strong>qtsaeso,</strong></span> <span class='ocrx_word' id='word_1_22' title='bbox 1433 700 1520 756; x_wconf 86' lang='lat' dir='ltr'><strong>ntruu</strong></span> 
     </span>
    </p>

    <p class='ocr_par' dir='ltr' id='par_1_4' title="bbox 162 781 1522 864">
     <span class='ocr_line' id='line_1_4' title="bbox 162 781 1522 864; baseline 0.003 -17"><span class='ocrx_word' id='word_1_23' title='bbox 162 846 167 864; x_wconf 55' lang='grc'>,</span> <span class='ocrx_word' id='word_1_24' title='bbox 203 781 263 847; x_wconf 79' lang='lat' dir='ltr'><strong>tabi</strong></span> <span class='ocrx_word' id='word_1_25' title='bbox 293 783 461 848; x_wconf 83' lang='lat' dir='ltr'><strong>videantur</strong></span> <span class='ocrx_word' id='word_1_26' title='bbox 489 783 674 849; x_wconf 77' lang='lat' dir='ltr'><strong>Academici</strong></span> <span class='ocrx_word' id='word_1_27' title='bbox 701 784 850 849; x_wconf 87' lang='lat' dir='ltr'><strong>habuisse</strong></span> <span class='ocrx_word' id='word_1_28' title='bbox 880 784 1002 849; x_wconf 81' lang='lat' dir='ltr'><strong>certato</strong></span> <span class='ocrx_word' id='word_1_29' title='bbox 1031 788 1070 850; x_wconf 90' lang='lat' dir='ltr'><strong>de</strong></span> <span class='ocrx_word' id='word_1_30' title='bbox 1098 785 1235 851; x_wconf 82' lang='lat' dir='ltr'><strong>veritate</strong></span> <span class='ocrx_word' id='word_1_31' title='bbox 1265 785 1522 864; x_wconf 86' lang='lat' dir='ltr'><strong>sententiam,·et</strong></span> 
     </span>
    </p>

    <p class='ocr_par' dir='ltr' id='par_1_5' title="bbox 178 877 1573 965">
     <span class='ocr_line' id='line_1_5' title="bbox 178 877 1573 965; baseline 0.006 -25"><span class='ocrx_word' id='word_1_32' title='bbox 178 899 275 940; x_wconf 86' lang='lat' dir='ltr'><strong>-eanr</strong></span> <span class='ocrx_word' id='word_1_33' title='bbox 297 888 418 943; x_wconf 88' lang='lat' dir='ltr'><strong>temere</strong></span> <span class='ocrx_word' id='word_1_34' title='bbox 439 877 561 964; x_wconf 80' lang='lat' dir='ltr'><strong>ignotis</strong></span> <span class='ocrx_word' id='word_1_35' title='bbox 580 879 633 943; x_wconf 84' lang='lat' dir='ltr'><strong>vel</strong></span> <span class='ocrx_word' id='word_1_36' title='bbox 650 899 716 942; x_wconf 90' lang='lat' dir='ltr'><strong>non</strong></span> <span class='ocrx_word' id='word_1_37' title='bbox 732 877 879 963; x_wconf 81' lang='lat' dir='ltr'><strong>purgatis</strong></span> <span class='ocrx_word' id='word_1_38' title='bbox 898 879 1010 944; x_wconf 88' lang='lat' dir='ltr'><strong>animis</strong></span> <span class='ocrx_word' id='word_1_39' title='bbox 1028 882 1170 965; x_wconf 76' lang='lat' dir='ltr'>prodere</span> <span class='ocrx_word' id='word_1_40' title='bbox 1190 879 1351 946; x_wconf 78' lang='lat' dir='ltr'><strong>noluisse:</strong></span> <span class='ocrx_word' id='word_1_41' title='bbox 1395 899 1436 944; x_wconf 83' lang='lat' dir='ltr'><strong>an</strong></span> <span class='ocrx_word' id='word_1_42' title='bbox 1459 894 1522 948; x_wconf 79' lang='lat' dir='ltr'><strong>vett</strong></span> <span class='ocrx_word' id='word_1_43' title='bbox 1572 882 1573 885; x_wconf 65' lang='grc'>’</span> 
     </span>
    </p>

    <p class='ocr_par' dir='ltr' id='par_1_6' title="bbox 174 964 1121 1057">
     <span class='ocr_line' id='line_1_6' title="bbox 174 964 1121 1057; baseline 0.002 -20"><span class='ocrx_word' id='word_1_44' title='bbox 174 990 177 999; x_wconf 91' lang='grc'><strong>’</strong></span> <span class='ocrx_word' id='word_1_45' title='bbox 203 971 247 1037; x_wconf 85' lang='lat' dir='ltr'><strong>its</strong></span> <span class='ocrx_word' id='word_1_46' title='bbox 270 972 446 1051; x_wconf 72' lang='lat' dir='ltr'>senserint,</span> <span class='ocrx_word' id='word_1_47' title='bbox 470 984 637 1036; x_wconf 88' lang='lat' dir='ltr'><strong>uteorum</strong></span> <span class='ocrx_word' id='word_1_48' title='bbox 659 964 892 1057; x_wconf 77' lang='lat' dir='ltr'><strong>disputationes</strong></span> <span class='ocrx_word' id='word_1_49' title='bbox 914 974 1121 1040; x_wconf 71' lang='lat' dir='ltr'><strong>retrahent?</strong></span> 
     </span>
    </p>

    <p class='ocr_par' dir='ltr' id='par_1_7' title="bbox 203 1066 1574 1625">
     <span class='ocr_line' id='line_1_7' title="bbox 290 1066 1523 1156; baseline 0.002 -24"><span class='ocrx_word' id='word_1_50' title='bbox 290 1070 345 1147; x_wconf 79' lang='lat'><strong>30.</strong></span> <span class='ocrx_word' id='word_1_51' title='bbox 369 1069 454 1131; x_wconf 77' lang='lat' dir='ltr'><strong>Tinna</strong></span> <span class='ocrx_word' id='word_1_52' title='bbox 472 1067 545 1131; x_wconf 81' lang='lat' dir='ltr'><strong>ille:</strong></span> <span class='ocrx_word' id='word_1_53' title='bbox 582 1066 668 1150; x_wconf 82' lang='lat' dir='ltr'><strong>Quid</strong></span> <span class='ocrx_word' id='word_1_54' title='bbox 691 1066 752 1133; x_wconf 88' lang='lat' dir='ltr'><strong>illis</strong></span> <span class='ocrx_word' id='word_1_55' title='bbox 775 1068 869 1132; x_wconf 86' lang='lat' dir='ltr'><strong>animi</strong></span> <span class='ocrx_word' id='word_1_56' title='bbox 887 1068 1006 1147; x_wconf 77' lang='lat' dir='ltr'><strong>interit,</strong></span> <span class='ocrx_word' id='word_1_57' title='bbox 1040 1069 1163 1156; x_wconf 88' lang='lat' dir='ltr'><strong>inquit,</strong></span> <span class='ocrx_word' id='word_1_58' title='bbox 1198 1091 1263 1136; x_wconf 90' lang='lat' dir='ltr'><strong>non</strong></span> <span class='ocrx_word' id='word_1_59' title='bbox 1286 1081 1407 1134; x_wconf 90' lang='lat' dir='ltr'><strong>temere</strong></span> <span class='ocrx_word' id='word_1_60' title='bbox 1422 1068 1523 1134; x_wconf 84' lang='lat' dir='ltr'><strong>contir-</strong></span> 
     </span>
     <span class='ocr_line' id='line_1_8' title="bbox 204 1160 1574 1251; baseline 0.002 -27"><span class='ocrx_word' id='word_1_61' title='bbox 204 1160 313 1227; x_wconf 84' lang='lat' dir='ltr'><strong>mubo.</strong></span> <span class='ocrx_word' id='word_1_62' title='bbox 372 1163 454 1225; x_wconf 86' lang='lat' dir='ltr'><strong>Nam</strong></span> <span class='ocrx_word' id='word_1_63' title='bbox 477 1173 628 1246; x_wconf 87' lang='lat' dir='ltr'><strong>quantum</strong></span> <span class='ocrx_word' id='word_1_64' title='bbox 650 1184 692 1227; x_wconf 84' lang='lat' dir='ltr'><strong>ex</strong></span> <span class='ocrx_word' id='word_1_65' title='bbox 709 1162 800 1233; x_wconf 90' lang='lat' dir='ltr'><strong>libris</strong></span> <span class='ocrx_word' id='word_1_66' title='bbox 819 1163 930 1250; x_wconf 78' lang='lat' dir='ltr'><strong>colligi</strong></span> <span class='ocrx_word' id='word_1_67' title='bbox 952 1166 1062 1242; x_wconf 79' lang='lat' dir='ltr'><strong>datur,</strong></span> <span class='ocrx_word' id='word_1_68' title='bbox 1087 1177 1123 1229; x_wconf 88' lang='lat' dir='ltr'><strong>tu</strong></span> <span class='ocrx_word' id='word_1_69' title='bbox 1148 1165 1259 1230; x_wconf 89' lang='lat' dir='ltr'><strong>melius</strong></span> <span class='ocrx_word' id='word_1_70' title='bbox 1278 1165 1386 1242; x_wconf 88' lang='lat' dir='ltr'><strong>nosti,</strong></span> <span class='ocrx_word' id='word_1_71' title='bbox 1413 1165 1523 1251; x_wconf 86' lang='lat' dir='ltr'><strong>quaein</strong></span> <span class='ocrx_word' id='word_1_72' title='bbox 1573 1200 1574 1205; x_wconf 20' lang='grc' dir='ltr'><strong>κ</strong></span> 
     </span>
     <span class='ocr_line' id='line_1_9' title="bbox 205 1255 1523 1344; baseline 0.004 -26"><span class='ocrx_word' id='word_1_73' title='bbox 205 1257 306 1319; x_wconf 86' lang='lat' dir='ltr'><strong>verba</strong></span> <span class='ocrx_word' id='word_1_74' title='bbox 335 1255 523 1320; x_wconf 84' lang='lat' dir='ltr'><strong>sententiam</strong></span> <span class='ocrx_word' id='word_1_75' title='bbox 552 1277 639 1320; x_wconf 89' lang='lat' dir='ltr'><strong>snam</strong></span> <span class='ocrx_word' id='word_1_76' title='bbox 662 1278 823 1339; x_wconf 86' lang='lat' dir='ltr'><strong>promere</strong></span> <span class='ocrx_word' id='word_1_77' title='bbox 856 1259 993 1325; x_wconf 79' lang='lat' dir='ltr'><strong>soleant.</strong></span> <span class='ocrx_word' id='word_1_78' title='bbox 1052 1260 1111 1324; x_wconf 91' lang='lat' dir='ltr'><strong>Me</strong></span> <span class='ocrx_word' id='word_1_79' title='bbox 1136 1271 1240 1323; x_wconf 87' lang='lat' dir='ltr'><strong>sutem</strong></span> <span class='ocrx_word' id='word_1_80' title='bbox 1272 1262 1312 1323; x_wconf 94' lang='lat' dir='ltr'><strong>de</strong></span> <span class='ocrx_word' id='word_1_81' title='bbox 1337 1282 1391 1325; x_wconf 90' lang='lat' dir='ltr'><strong>me</strong></span> <span class='ocrx_word' id='word_1_82' title='bbox 1413 1256 1523 1344; x_wconf 89' lang='lat' dir='ltr'><strong>ipsosi</strong></span> 
     </span>
     <span class='ocr_line' id='line_1_10' title="bbox 204 1348 1525 1439; baseline 0.002 -26"><span class='ocrx_word' id='word_1_83' title='bbox 204 1348 368 1424; x_wconf 85' lang='lat' dir='ltr'><strong>consulis,</strong></span> <span class='ocrx_word' id='word_1_84' title='bbox 402 1350 567 1414; x_wconf 79' lang='lat' dir='ltr'><strong>inventum</strong></span> <span class='ocrx_word' id='word_1_85' title='bbox 593 1353 733 1416; x_wconf 90' lang='lat' dir='ltr'><strong>nondum</strong></span> <span class='ocrx_word' id='word_1_86' title='bbox 758 1373 872 1418; x_wconf 73' lang='lat' dir='ltr'><strong>vertum</strong></span> <span class='ocrx_word' id='word_1_87' title='bbox 904 1373 973 1417; x_wconf 88' lang='lat' dir='ltr'><strong>esse</strong></span> <span class='ocrx_word' id='word_1_88' title='bbox 1004 1365 1098 1436; x_wconf 89' lang='lat' dir='ltr'><strong>puto.</strong></span> <span class='ocrx_word' id='word_1_89' title='bbox 1156 1352 1255 1420; x_wconf 85' lang='lat' dir='ltr'><strong>Addo</strong></span> <span class='ocrx_word' id='word_1_90' title='bbox 1278 1352 1374 1427; x_wconf 84' lang='lat' dir='ltr'><strong>etiam</strong></span> <span class='ocrx_word' id='word_1_91' title='bbox 1396 1355 1479 1439; x_wconf 84' lang='lat' dir='ltr'><strong>quod</strong></span> <span class='ocrx_word' id='word_1_92' title='bbox 1495 1354 1525 1415; x_wconf 87' lang='lat' dir='ltr'><strong>de</strong></span> 
     </span>
     <span class='ocr_line' id='line_1_11' title="bbox 203 1443 1525 1531; baseline 0.001 -21"><span class='ocrx_word' id='word_1_93' title='bbox 203 1443 406 1510; x_wconf 79' lang='lat' dir='ltr'><strong>Academicis</strong></span> <span class='ocrx_word' id='word_1_94' title='bbox 428 1445 616 1530; x_wconf 82' lang='lat' dir='ltr'><strong>flagitabas,</strong></span> <span class='ocrx_word' id='word_1_95' title='bbox 650 1466 711 1510; x_wconf 89' lang='lat' dir='ltr'><strong>nec</strong></span> <span class='ocrx_word' id='word_1_96' title='bbox 738 1468 839 1531; x_wconf 88' lang='lat' dir='ltr'><strong>posse</strong></span> <span class='ocrx_word' id='word_1_97' title='bbox 863 1445 1001 1511; x_wconf 85' lang='lat' dir='ltr'><strong>inveniri</strong></span> <span class='ocrx_word' id='word_1_98' title='bbox 1025 1467 1076 1510; x_wconf 88' lang='lat' dir='ltr'><strong>me</strong></span> <span class='ocrx_word' id='word_1_99' title='bbox 1094 1457 1226 1529; x_wconf 86' lang='lat' dir='ltr'><strong>putare,</strong></span> <span class='ocrx_word' id='word_1_100' title='bbox 1264 1467 1329 1510; x_wconf 92' lang='lat' dir='ltr'><strong>nou</strong></span> <span class='ocrx_word' id='word_1_101' title='bbox 1348 1449 1451 1512; x_wconf 87' lang='lat' dir='ltr'><strong>solum</strong></span> <span class='ocrx_word' id='word_1_102' title='bbox 1469 1445 1525 1511; x_wconf 88' lang='lat' dir='ltr'><strong>ino·</strong></span> 
     </span>
     <span class='ocr_line' id='line_1_12' title="bbox 203 1536 1526 1625; baseline 0.003 -25"><span class='ocrx_word' id='word_1_103' title='bbox 203 1539 280 1617; x_wconf 85' lang='lat' dir='ltr'><strong>lita,</strong></span> <span class='ocrx_word' id='word_1_104' title='bbox 304 1561 399 1625; x_wconf 87' lang='lat' dir='ltr'><strong>qnam</strong></span> <span class='ocrx_word' id='word_1_105' title='bbox 419 1562 546 1623; x_wconf 86' lang='lat' dir='ltr'><strong>semper</strong></span> <span class='ocrx_word' id='word_1_106' title='bbox 565 1540 635 1606; x_wconf 89' lang='lat' dir='ltr'><strong>sere</strong></span> <span class='ocrx_word' id='word_1_107' title='bbox 653 1536 923 1618; x_wconf 82' lang='lat' dir='ltr'><strong>animadvertisti,</strong></span> <span class='ocrx_word' id='word_1_108' title='bbox 950 1539 1103 1625; x_wconf 91' lang='lat' dir='ltr'><strong>opinione</strong></span> <span class='ocrx_word' id='word_1_109' title='bbox 1126 1561 1215 1617; x_wconf 86' lang='lat' dir='ltr'><strong>mea,</strong></span> <span class='ocrx_word' id='word_1_110' title='bbox 1239 1543 1296 1606; x_wconf 90' lang='lat' dir='ltr'><strong>sed</strong></span> <span class='ocrx_word' id='word_1_111' title='bbox 1315 1541 1413 1606; x_wconf 84' lang='lat' dir='ltr'><strong>etiarn</strong></span> <span class='ocrx_word' id='word_1_112' title='bbox 1432 1550 1526 1604; x_wconf 68' lang='lat' dir='ltr'><strong>aneto</strong></span> 
     </span>
    </p>

    <p class='ocr_par' dir='ltr' id='par_1_8' title="bbox 155 1632 1527 1723">
     <span class='ocr_line' id='line_1_13' title="bbox 155 1632 1527 1723; baseline 0.001 -27"><span class='ocrx_word' id='word_1_113' title='bbox 155 1680 157 1683; x_wconf 87' lang='lat'>-</span> <span class='ocrx_word' id='word_1_114' title='bbox 204 1632 297 1696; x_wconf 87' lang='lat' dir='ltr'><strong>ritate</strong></span> <span class='ocrx_word' id='word_1_115' title='bbox 318 1654 507 1720; x_wconf 84' lang='lat' dir='ltr'><strong>magnorum</strong></span> <span class='ocrx_word' id='word_1_116' title='bbox 522 1637 852 1723; x_wconf 80' lang='lat' dir='ltr'><strong>excellentiorumque</strong></span> <span class='ocrx_word' id='word_1_117' title='bbox 867 1635 1158 1720; x_wconf 85' lang='lat' dir='ltr'><strong>philosophorum,</strong></span> <span class='ocrx_word' id='word_1_118' title='bbox 1183 1633 1299 1720; x_wconf 82' lang='lat' dir='ltr'><strong>qttibns</strong></span> <span class='ocrx_word' id='word_1_119' title='bbox 1314 1656 1375 1699; x_wconf 90' lang='lat' dir='ltr'><strong>nos</strong></span> <span class='ocrx_word' id='word_1_120' title='bbox 1390 1635 1527 1718; x_wconf 81' lang='lat' dir='ltr'><strong>praebere</strong></span> 
     </span>
    </p>

    <p class='ocr_par' dir='ltr' id='par_1_9' title="bbox 149 1725 1527 1909">
     <span class='ocr_line' id='line_1_14' title="bbox 149 1725 1526 1816; baseline 0 -26"><span class='ocrx_word' id='word_1_121' title='bbox 149 1757 152 1763; x_wconf 54' lang='grc'><strong><em>&gt;</em></strong></span> <span class='ocrx_word' id='word_1_122' title='bbox 205 1728 291 1794; x_wconf 87' lang='lat' dir='ltr'><strong>colla</strong></span> <span class='ocrx_word' id='word_1_123' title='bbox 308 1729 376 1796; x_wconf 84' lang='lat' dir='ltr'><strong>sive</strong></span> <span class='ocrx_word' id='word_1_124' title='bbox 394 1729 594 1798; x_wconf 85' lang='lat' dir='ltr'><strong>imbecillitas</strong></span> <span class='ocrx_word' id='word_1_125' title='bbox 617 1744 750 1810; x_wconf 88' lang='lat' dir='ltr'><strong>nostre,</strong></span> <span class='ocrx_word' id='word_1_126' title='bbox 774 1732 842 1797; x_wconf 88' lang='lat' dir='ltr'><strong>sive</strong></span> <span class='ocrx_word' id='word_1_127' title='bbox 867 1730 1026 1816; x_wconf 83' lang='lat' dir='ltr'><strong>sagacitas</strong></span> <span class='ocrx_word' id='word_1_128' title='bbox 1051 1728 1217 1812; x_wconf 86' lang='lat' dir='ltr'><strong>ipsorum,</strong></span> <span class='ocrx_word' id='word_1_129' title='bbox 1241 1729 1325 1793; x_wconf 70' lang='lat' dir='ltr'><strong>ultra</strong></span> <span class='ocrx_word' id='word_1_130' title='bbox 1350 1750 1446 1815; x_wconf 89' lang='lat' dir='ltr'><strong>quam</strong></span> <span class='ocrx_word' id='word_1_131' title='bbox 1463 1725 1526 1790; x_wconf 83' lang='lat' dir='ltr'><strong>nibil</strong></span> 
     </span>
     <span class='ocr_line' id='line_1_15' title="bbox 204 1821 1527 1909; baseline -0.001 -24"><span class='ocrx_word' id='word_1_132' title='bbox 204 1823 266 1886; x_wconf 90' lang='lat' dir='ltr'><strong>iam</strong></span> <span class='ocrx_word' id='word_1_133' title='bbox 287 1821 426 1887; x_wconf 86' lang='lat' dir='ltr'><strong>inveniri</strong></span> <span class='ocrx_word' id='word_1_134' title='bbox 455 1846 553 1906; x_wconf 89' lang='lat' dir='ltr'><strong>posse</strong></span> <span class='ocrx_word' id='word_1_135' title='bbox 580 1827 772 1890; x_wconf 88' lang='lat' dir='ltr'><strong>credendum</strong></span> <span class='ocrx_word' id='word_1_136' title='bbox 803 1838 869 1904; x_wconf 90' lang='lat' dir='ltr'><strong>est,</strong></span> <span class='ocrx_word' id='word_1_137' title='bbox 907 1825 1016 1890; x_wconf 89' lang='lat' dir='ltr'><strong>nescio</strong></span> <span class='ocrx_word' id='word_1_138' title='bbox 1041 1825 1207 1909; x_wconf 87' lang='lat' dir='ltr'><strong>quomodo</strong></span> <span class='ocrx_word' id='word_1_139' title='bbox 1232 1822 1411 1906; x_wconf 85' lang='lat' dir='ltr'><strong>compellit.</strong></span> <span class='ocrx_word' id='word_1_140' title='bbox 1466 1823 1527 1886; x_wconf 87' lang='lat' dir='ltr'><strong>Hoc</strong></span> 
     </span>
    </p>

    <p class='ocr_par' dir='ltr' id='par_1_10' title="bbox 92 1915 1526 2100">
     <span class='ocr_line' id='line_1_16' title="bbox 92 1915 1526 2009; baseline -0.001 -28"><span class='ocrx_word' id='word_1_141' title='bbox 92 1916 105 1935; x_wconf 73' lang='lat'>⁸</span> <span class='ocrx_word' id='word_1_142' title='bbox 205 1930 271 1996; x_wconf 90' lang='lat' dir='ltr'><strong>est,</strong></span> <span class='ocrx_word' id='word_1_143' title='bbox 295 1915 441 2002; x_wconf 87' lang='lat' dir='ltr'><strong>inquam,</strong></span> <span class='ocrx_word' id='word_1_144' title='bbox 466 1923 555 2005; x_wconf 83' lang='lat' dir='ltr'><strong>qtrod</strong></span> <span class='ocrx_word' id='word_1_145' title='bbox 570 1920 671 1985; x_wconf 81' lang='lat' dir='ltr'><strong>solui.</strong></span> <span class='ocrx_word' id='word_1_146' title='bbox 716 1922 800 1986; x_wconf 84' lang='lat' dir='ltr'><strong>Nam</strong></span> <span class='ocrx_word' id='word_1_147' title='bbox 822 1922 971 1998; x_wconf 86' lang='lat' dir='ltr'><strong>verebar,</strong></span> <span class='ocrx_word' id='word_1_148' title='bbox 995 1940 1036 1983; x_wconf 88' lang='lat' dir='ltr'><strong>ne</strong></span> <span class='ocrx_word' id='word_1_149' title='bbox 1055 1940 1151 2004; x_wconf 88' lang='lat' dir='ltr'><strong>quum</strong></span> <span class='ocrx_word' id='word_1_150' title='bbox 1171 1918 1230 1983; x_wconf 89' lang='lat' dir='ltr'><strong>tibi</strong></span> <span class='ocrx_word' id='word_1_151' title='bbox 1251 1940 1384 2004; x_wconf 90' lang='lat' dir='ltr'><strong>quoqne</strong></span> <span class='ocrx_word' id='word_1_152' title='bbox 1401 1918 1437 2009; x_wconf 77' lang='lat' dir='ltr'><strong>id</strong></span> <span class='ocrx_word' id='word_1_153' title='bbox 1453 1917 1526 1981; x_wconf 81' lang='lat' dir='ltr'><strong>vide-</strong></span> 
     </span>
     <span class='ocr_line' id='line_1_17' title="bbox 205 2010 1523 2100; baseline -0.001 -25"><span class='ocrx_word' id='word_1_154' title='bbox 205 2024 297 2077; x_wconf 87' lang='lat' dir='ltr'><strong>retur</strong></span> <span class='ocrx_word' id='word_1_155' title='bbox 319 2015 408 2098; x_wconf 78' lang='lat' dir='ltr'><strong>qttod</strong></span> <span class='ocrx_word' id='word_1_156' title='bbox 429 2014 534 2090; x_wconf 71' lang='lat' dir='ltr'><strong>mihi,</strong></span> <span class='ocrx_word' id='word_1_157' title='bbox 549 2014 721 2100; x_wconf 87' lang='lat' dir='ltr'><strong>disputatio</strong></span> <span class='ocrx_word' id='word_1_158' title='bbox 746 2026 859 2082; x_wconf 90' lang='lat' dir='ltr'><strong>nostra</strong></span> <span class='ocrx_word' id='word_1_159' title='bbox 883 2034 994 2078; x_wconf 83' lang='lat' dir='ltr'><strong>manca</strong></span> <span class='ocrx_word' id='word_1_160' title='bbox 1010 2023 1209 2089; x_wconf 81' lang='lat' dir='ltr'><strong>remaneret,</strong></span> <span class='ocrx_word' id='word_1_161' title='bbox 1244 2010 1334 2077; x_wconf 88' lang='lat' dir='ltr'><strong>nullo</strong></span> <span class='ocrx_word' id='word_1_162' title='bbox 1357 2014 1523 2088; x_wconf 78' lang='lat' dir='ltr'><strong>exsistente,</strong></span> 
     </span>
    </p>

    <p class='ocr_par' dir='ltr' id='par_1_11' title="bbox 204 2104 1526 2289">
     <span class='ocr_line' id='line_1_18' title="bbox 206 2104 1524 2193; baseline -0.002 -22"><span class='ocrx_word' id='word_1_163' title='bbox 206 2107 262 2193; x_wconf 89' lang='lat' dir='ltr'><strong>qui</strong></span> <span class='ocrx_word' id='word_1_164' title='bbox 279 2129 321 2172; x_wconf 87' lang='lat' dir='ltr'><strong>ex</strong></span> <span class='ocrx_word' id='word_1_165' title='bbox 340 2110 439 2172; x_wconf 82' lang='lat' dir='ltr'><strong>altera</strong></span> <span class='ocrx_word' id='word_1_166' title='bbox 454 2121 546 2191; x_wconf 88' lang='lat' dir='ltr'><strong>parte</strong></span> <span class='ocrx_word' id='word_1_167' title='bbox 561 2131 629 2175; x_wconf 89' lang='lat' dir='ltr'><strong>rem</strong></span> <span class='ocrx_word' id='word_1_168' title='bbox 651 2109 765 2174; x_wconf 88' lang='lat' dir='ltr'><strong>venire</strong></span> <span class='ocrx_word' id='word_1_169' title='bbox 785 2107 817 2172; x_wconf 92' lang='lat' dir='ltr'><strong>in</strong></span> <span class='ocrx_word' id='word_1_170' title='bbox 836 2128 947 2171; x_wconf 89' lang='lat' dir='ltr'><strong>manns</strong></span> <span class='ocrx_word' id='word_1_171' title='bbox 969 2116 1121 2192; x_wconf 84' lang='lat' dir='ltr'><strong>cogeret,</strong></span> <span class='ocrx_word' id='word_1_172' title='bbox 1146 2104 1371 2191; x_wconf 79' lang='lat' dir='ltr'><strong>indiligenter</strong></span> <span class='ocrx_word' id='word_1_173' title='bbox 1393 2120 1524 2193; x_wconf 84' lang='lat' dir='ltr'><strong>quantun</strong></span> 
     </span>
     <span class='ocr_line' id='line_1_19' title="bbox 204 2200 1526 2289; baseline -0.005 -20"><span class='ocrx_word' id='word_1_174' title='bbox 204 2223 377 2285; x_wconf 87' lang='lat' dir='ltr'><strong>possumus</strong></span> <span class='ocrx_word' id='word_1_175' title='bbox 401 2214 600 2268; x_wconf 79' lang='lat' dir='ltr'><strong>versaretur.</strong></span> <span class='ocrx_word' id='word_1_176' title='bbox 651 2203 767 2289; x_wconf 85' lang='lat' dir='ltr'><strong>Itaque</strong></span> <span class='ocrx_word' id='word_1_177' title='bbox 788 2203 816 2268; x_wconf 90' lang='lat' dir='ltr'><strong>si</strong></span> <span class='ocrx_word' id='word_1_178' title='bbox 840 2202 873 2267; x_wconf 93' lang='lat' dir='ltr'><strong>id</strong></span> <span class='ocrx_word' id='word_1_179' title='bbox 896 2200 1078 2276; x_wconf 85' lang='lat' dir='ltr'><strong>evenisset,</strong></span> <span class='ocrx_word' id='word_1_180' title='bbox 1100 2213 1234 2284; x_wconf 88' lang='lat' dir='ltr'><strong>paratus</strong></span> <span class='ocrx_word' id='word_1_181' title='bbox 1260 2222 1349 2264; x_wconf 87' lang='lat' dir='ltr'><strong>eram</strong></span> <span class='ocrx_word' id='word_1_182' title='bbox 1372 2214 1405 2266; x_wconf 92' lang='lat' dir='ltr'><strong>te</strong></span> <span class='ocrx_word' id='word_1_183' title='bbox 1426 2216 1526 2286; x_wconf 83' lang='lat' dir='ltr'><strong>rogare</strong></span> 
     </span>
    </p>

    <p class='ocr_par' dir='ltr' id='par_1_12' title="bbox 144 2283 1527 2579">
     <span class='ocr_line' id='line_1_20' title="bbox 144 2283 1523 2383; baseline -0.002 -24"><span class='ocrx_word' id='word_1_184' title='bbox 144 2338 146 2341; x_wconf 94' lang='lat'>-</span> <span class='ocrx_word' id='word_1_185' title='bbox 203 2304 240 2360; x_wconf 85' lang='lat' dir='ltr'><strong>u&#39;t</strong></span> <span class='ocrx_word' id='word_1_186' title='bbox 254 2296 523 2383; x_wconf 78' lang='lat' dir='ltr'><strong>Academicorum</strong></span> <span class='ocrx_word' id='word_1_187' title='bbox 542 2308 651 2380; x_wconf 90' lang='lat' dir='ltr'><strong>partes</strong></span> <span class='ocrx_word' id='word_1_188' title='bbox 668 2298 713 2362; x_wconf 86' lang='lat' dir='ltr'><strong>ita</strong></span> <span class='ocrx_word' id='word_1_189' title='bbox 733 2298 926 2380; x_wconf 80' lang='lat' dir='ltr'><strong>susciperes,</strong></span> <span class='ocrx_word' id='word_1_190' title='bbox 955 2294 1046 2382; x_wconf 86' lang='lat' dir='ltr'><strong>quasi</strong></span> <span class='ocrx_word' id='word_1_191' title='bbox 1062 2283 1204 2359; x_wconf 75' lang='lat' dir='ltr'><strong>tibicen</strong></span> <span class='ocrx_word' id='word_1_192' title='bbox 1226 2295 1330 2360; x_wconf 86' lang='lat' dir='ltr'><strong>solum</strong></span> <span class='ocrx_word' id='word_1_193' title='bbox 1354 2297 1523 2380; x_wconf 82' lang='lat' dir='ltr'><strong>disputasse,</strong></span> 
     </span>
     <span class='ocr_line' id='line_1_21' title="bbox 204 2382 1527 2474; baseline -0.004 -20"><span class='ocrx_word' id='word_1_194' title='bbox 204 2391 262 2458; x_wconf 87' lang='lat' dir='ltr'><strong>sed</strong></span> <span class='ocrx_word' id='word_1_195' title='bbox 285 2382 385 2456; x_wconf 71' lang='lat' dir='ltr'><strong>etiam&#39;</strong></span> <span class='ocrx_word' id='word_1_196' title='bbox 406 2389 541 2455; x_wconf 83' lang='lat' dir='ltr'><strong>sensisse</strong></span> <span class='ocrx_word' id='word_1_197' title='bbox 563 2386 767 2469; x_wconf 85' lang='lat' dir='ltr'><strong>viderentur,</strong></span> <span class='ocrx_word' id='word_1_198' title='bbox 799 2412 911 2455; x_wconf 87' lang='lat' dir='ltr'><strong>verum</strong></span> <span class='ocrx_word' id='word_1_199' title='bbox 933 2411 997 2455; x_wconf 92' lang='lat' dir='ltr'><strong>non</strong></span> <span class='ocrx_word' id='word_1_200' title='bbox 1017 2410 1115 2474; x_wconf 89' lang='lat' dir='ltr'><strong>posse</strong></span> <span class='ocrx_word' id='word_1_201' title='bbox 1137 2390 1384 2472; x_wconf 84' lang='lat' dir='ltr'><strong>comprehendi.</strong></span> <span class='ocrx_word' id='word_1_202' title='bbox 1439 2390 1527 2470; x_wconf 55' lang='lat' dir='ltr'><strong>Quaen</strong></span> 
     </span>
     <span class='ocr_line' id='line_1_22' title="bbox 205 2482 1525 2579; baseline -0.001 -33"><span class='ocrx_word' id='word_1_203' title='bbox 205 2484 288 2548; x_wconf 83' lang='lat' dir='ltr'><strong>citur</strong></span> <span class='ocrx_word' id='word_1_204' title='bbox 310 2505 391 2569; x_wconf 88' lang='lat' dir='ltr'><strong>ergo</strong></span> <span class='ocrx_word' id='word_1_205' title='bbox 410 2484 494 2549; x_wconf 89' lang='lat' dir='ltr'><strong>inter</strong></span> <span class='ocrx_word' id='word_1_206' title='bbox 514 2506 605 2579; x_wconf 61' lang='lat' dir='ltr'><strong>nos,</strong></span> <span class='ocrx_word' id='word_1_207' title='bbox 620 2497 728 2549; x_wconf 89' lang='lat' dir='ltr'><strong>utrum</strong></span> <span class='ocrx_word' id='word_1_208' title='bbox 742 2485 871 2552; x_wconf 86' lang='lat' dir='ltr'><strong>illorum</strong></span> <span class='ocrx_word' id='word_1_209' title='bbox 892 2485 1085 2570; x_wconf 85' lang='lat' dir='ltr'><strong>argumentis</strong></span> <span class='ocrx_word' id='word_1_210' title='bbox 1102 2483 1273 2567; x_wconf 86' lang='lat' dir='ltr'><strong>probabile</strong></span> <span class='ocrx_word' id='word_1_211' title='bbox 1289 2482 1351 2562; x_wconf 89' lang='lat' dir='ltr'><strong>sit,</strong></span> <span class='ocrx_word' id='word_1_212' title='bbox 1376 2484 1451 2548; x_wconf 86' lang='lat' dir='ltr'><strong>nihil</strong></span> <span class='ocrx_word' id='word_1_213' title='bbox 1466 2501 1525 2565; x_wconf 88' lang='lat' dir='ltr'><strong>per·</strong></span> 
     </span>
    </p>

    <p class='ocr_par' dir='ltr' id='par_1_13' title="bbox 165 2576 1573 2852">
     <span class='ocr_line' id='line_1_23' title="bbox 165 2576 1525 2663; baseline -0.004 -21"><span class='ocrx_word' id='word_1_214' title='bbox 165 2643 169 2657; x_wconf 70' lang='grc'>,</span> <span class='ocrx_word' id='word_1_215' title='bbox 206 2577 271 2661; x_wconf 92' lang='lat' dir='ltr'><strong>cipi</strong></span> <span class='ocrx_word' id='word_1_216' title='bbox 292 2600 408 2661; x_wconf 88' lang='lat' dir='ltr'><strong>posse,</strong></span> <span class='ocrx_word' id='word_1_217' title='bbox 440 2600 478 2642; x_wconf 89' lang='lat' dir='ltr'><strong>ac</strong></span> <span class='ocrx_word' id='word_1_218' title='bbox 499 2578 576 2642; x_wconf 81' lang='lat' dir='ltr'><strong>ntrlli</strong></span> <span class='ocrx_word' id='word_1_219' title='bbox 598 2579 648 2646; x_wconf 91' lang='lat' dir='ltr'><strong>rei</strong></span> <span class='ocrx_word' id='word_1_220' title='bbox 666 2599 736 2645; x_wconf 89' lang='lat' dir='ltr'><strong>esse</strong></span> <span class='ocrx_word' id='word_1_221' title='bbox 757 2579 1010 2654; x_wconf 68' lang='lat' dir='ltr'><strong>assentiendum</strong></span> <span class='ocrx_word' id='word_1_222' title='bbox 1040 2576 1178 2663; x_wconf 86' lang='lat' dir='ltr'><strong>quodsi</strong></span> <span class='ocrx_word' id='word_1_223' title='bbox 1205 2577 1406 2656; x_wconf 85' lang='lat' dir='ltr'><strong>obtinueris,</strong></span> <span class='ocrx_word' id='word_1_224' title='bbox 1436 2579 1525 2641; x_wconf 79' lang='lat' dir='ltr'><strong>cedem</strong></span> 
     </span>
     <span class='ocr_line' id='line_1_24' title="bbox 203 2650 1573 2759; baseline 0.002 -23"><span class='ocrx_word' id='word_1_225' title='bbox 203 2673 357 2742; x_wconf 80' lang='lat' dir='ltr'><strong>libenter.</strong></span> <span class='ocrx_word' id='word_1_226' title='bbox 388 2672 555 2759; x_wconf 66' lang='lat' dir='ltr'><strong>dientem</strong></span> <span class='ocrx_word' id='word_1_227' title='bbox 566 2676 787 2739; x_wconf 87' lang='lat' dir='ltr'><strong>demonstrare</strong></span> <span class='ocrx_word' id='word_1_228' title='bbox 801 2684 940 2756; x_wconf 84' lang='lat' dir='ltr'><strong>potuero</strong></span> <span class='ocrx_word' id='word_1_229' title='bbox 953 2650 1056 2737; x_wconf 76' lang='lat' dir='ltr'><strong>inuito</strong></span> <span class='ocrx_word' id='word_1_230' title='bbox 1072 2691 1142 2736; x_wconf 88' lang='lat' dir='ltr'><strong>esse</strong></span> <span class='ocrx_word' id='word_1_231' title='bbox 1156 2671 1379 2755; x_wconf 88' lang='lat' dir='ltr'><strong>probabilius,</strong></span> <span class='ocrx_word' id='word_1_232' title='bbox 1404 2682 1437 2736; x_wconf 89' lang='lat' dir='ltr'><strong>et</strong></span> <span class='ocrx_word' id='word_1_233' title='bbox 1448 2688 1525 2754; x_wconf 84' lang='lat' dir='ltr'><strong>posse</strong></span> <span class='ocrx_word' id='word_1_234' title='bbox 1572 2726 1573 2739; x_wconf 67' lang='grc'>,</span> 
     </span>
     <span class='ocr_line' id='line_1_25' title="bbox 207 2765 1526 2852; baseline -0.003 -21"><span class='ocrx_word' id='word_1_235' title='bbox 207 2768 249 2831; x_wconf 91' lang='lat' dir='ltr'><strong>ad</strong></span> <span class='ocrx_word' id='word_1_236' title='bbox 269 2767 436 2832; x_wconf 86' lang='lat' dir='ltr'><strong>veritatem</strong></span> <span class='ocrx_word' id='word_1_237' title='bbox 457 2768 626 2851; x_wconf 89' lang='lat' dir='ltr'><strong>pervenire</strong></span> <span class='ocrx_word' id='word_1_238' title='bbox 645 2768 839 2852; x_wconf 85' lang='lat' dir='ltr'><strong>sapientem,</strong></span> <span class='ocrx_word' id='word_1_239' title='bbox 870 2778 902 2831; x_wconf 88' lang='lat' dir='ltr'><strong>et</strong></span> <span class='ocrx_word' id='word_1_240' title='bbox 927 2765 1142 2831; x_wconf 86' lang='lat' dir='ltr'><strong>assensionem</strong></span> <span class='ocrx_word' id='word_1_241' title='bbox 1164 2787 1229 2831; x_wconf 91' lang='lat' dir='ltr'><strong>non</strong></span> <span class='ocrx_word' id='word_1_242' title='bbox 1247 2788 1378 2849; x_wconf 86' lang='lat' dir='ltr'><strong>semper</strong></span> <span class='ocrx_word' id='word_1_243' title='bbox 1397 2786 1464 2830; x_wconf 90' lang='lat' dir='ltr'><strong>esse</strong></span> <span class='ocrx_word' id='word_1_244' title='bbox 1481 2782 1526 2827; x_wconf 90' lang='lat' dir='ltr'><strong>co·</strong></span> 
     </span>
    </p>

    <p class='ocr_par' dir='ltr' id='par_1_14' title="bbox 157 2859 1525 2957">
     <span class='ocr_line' id='line_1_26' title="bbox 157 2859 1525 2957; baseline -0.004 -31"><span class='ocrx_word' id='word_1_245' title='bbox 157 2900 163 2907; x_wconf 77' lang='lat'><em>-</em></span> <span class='ocrx_word' id='word_1_246' title='bbox 205 2860 374 2926; x_wconf 85' lang='lat' dir='ltr'><strong>bibendam</strong></span> <span class='ocrx_word' id='word_1_247' title='bbox 384 2886 406 2939; x_wconf 76' lang='lat'><strong>,¹</strong></span> <span class='ocrx_word' id='word_1_248' title='bbox 425 2860 504 2926; x_wconf 89' lang='lat' dir='ltr'><strong>nihil</strong></span> <span class='ocrx_word' id='word_1_249' title='bbox 531 2862 686 2941; x_wconf 87' lang='lat' dir='ltr'><strong>habebis,</strong></span> <span class='ocrx_word' id='word_1_250' title='bbox 720 2872 757 2932; x_wconf 86' lang='lat' dir='ltr'><strong>ut</strong></span> <span class='ocrx_word' id='word_1_251' title='bbox 784 2863 921 2944; x_wconf 88' lang='lat' dir='ltr'><strong>opinor,</strong></span> <span class='ocrx_word' id='word_1_252' title='bbox 957 2883 1016 2926; x_wconf 92' lang='lat' dir='ltr'><strong>cur</strong></span> <span class='ocrx_word' id='word_1_253' title='bbox 1040 2872 1159 2926; x_wconf 73' lang='lat' dir='ltr'><strong>nou&#39;te</strong></span> <span class='ocrx_word' id='word_1_254' title='bbox 1182 2859 1215 2924; x_wconf 86' lang='lat' dir='ltr'><strong>in</strong></span> <span class='ocrx_word' id='word_1_255' title='bbox 1235 2882 1336 2925; x_wconf 81' lang='lat' dir='ltr'><strong>meatu</strong></span> <span class='ocrx_word' id='word_1_256' title='bbox 1358 2859 1525 2957; x_wconf 55' lang='lat' dir='ltr'><strong>scatentem</strong></span> 
     </span>
    </p>

    <p class='ocr_par' dir='ltr' id='par_1_15' title="bbox 51 2952 1524 3136">
     <span class='ocr_line' id='line_1_27' title="bbox 51 2952 1524 3049; baseline -0.001 -32"><span class='ocrx_word' id='word_1_257' title='bbox 51 2952 53 2961; x_wconf 89' lang='lat'>&#39;</span> <span class='ocrx_word' id='word_1_258' title='bbox 154 2970 166 2989; x_wconf 31' lang='grc' dir='ltr'>Χ</span> <span class='ocrx_word' id='word_1_259' title='bbox 206 2955 344 3020; x_wconf 87' lang='lat' dir='ltr'><strong>transire</strong></span> <span class='ocrx_word' id='word_1_260' title='bbox 365 2955 511 3041; x_wconf 84' lang='lat' dir='ltr'><strong>patiaris.</strong></span> <span class='ocrx_word' id='word_1_261' title='bbox 557 2956 655 3039; x_wconf 82' lang='lat' dir='ltr'><strong>Quod</strong></span> <span class='ocrx_word' id='word_1_262' title='bbox 675 2954 833 3049; x_wconf 14' lang='lat' dir='ltr'><strong>qunmwilli</strong></span> <span class='ocrx_word' id='word_1_263' title='bbox 851 2956 1024 3040; x_wconf 86' lang='lat' dir='ltr'><strong>placuisset</strong></span> <span class='ocrx_word' id='word_1_264' title='bbox 1044 2966 1078 3035; x_wconf 81' lang='lat' dir='ltr'><strong>et</strong></span> <span class='ocrx_word' id='word_1_265' title='bbox 1094 2955 1224 3036; x_wconf 85' lang='lat' dir='ltr'><strong>ceteris,</strong></span> <span class='ocrx_word' id='word_1_266' title='bbox 1244 2955 1300 3041; x_wconf 87' lang='lat' dir='ltr'><strong>qui</strong></span> <span class='ocrx_word' id='word_1_267' title='bbox 1318 2958 1460 3036; x_wconf 78' lang='lat' dir='ltr'><strong>ederent,</strong></span> <span class='ocrx_word' id='word_1_268' title='bbox 1476 2953 1524 3019; x_wconf 83' lang='lat' dir='ltr'><strong>len</strong></span> 
     </span>
     <span class='ocr_line' id='line_1_28' title="bbox 207 3042 1064 3136; baseline 0.001 -22"><span class='ocrx_word' id='word_1_269' title='bbox 207 3070 344 3136; x_wconf 82' lang='lat' dir='ltr'><strong>vespere</strong></span> <span class='ocrx_word' id='word_1_270' title='bbox 366 3050 548 3123; x_wconf 87' lang='lat' dir='ltr'><strong>obumbrati</strong></span> <span class='ocrx_word' id='word_1_271' title='bbox 569 3053 697 3122; x_wconf 74' lang='lat' dir='ltr'><strong>domuum</strong></span> <span class='ocrx_word' id='word_1_272' title='bbox 718 3049 923 3116; x_wconf 86' lang='lat' dir='ltr'><strong>revertimus.</strong></span> <span class='ocrx_word' id='word_1_273' title='bbox 974 3066 978 3077; x_wconf 70' lang='grc'><em>“</em></span> <span class='ocrx_word' id='word_1_274' title='bbox 1061 3042 1064 3055; x_wconf 74' lang='grc'><strong>“</strong></span> 
     </span>
    </p>
   </div>
   <div class='ocr_carea' id='block_1_3' title="bbox 601 3656 1164 3757">
    <p class='ocr_par' dir='ltr' id='par_1_16' title="bbox 601 3656 1164 3757">
     <span class='ocr_line' id='line_1_29' title="bbox 601 3656 1164 3757; baseline -0.004 -32"><span class='ocrx_word' id='word_1_275' title='bbox 601 3658 803 3727; x_wconf 74' lang='lat' dir='ltr'><strong>steen</strong></span> <span class='ocrx_word' id='word_1_276' title='bbox 842 3656 1164 3757; x_wconf 67' lang='lat' dir='ltr'><strong>nunnus.</strong></span> 
     </span>
    </p>
   </div>
   <div class='ocr_carea' id='block_1_4' title="bbox 108 3952 1569 4710">
    <p class='ocr_par' dir='ltr' id='par_1_17' title="bbox 108 3952 1569 4710">
     <span class='ocr_line' id='line_1_30' title="bbox 188 3952 1524 4055; baseline -0.007 -24"><span class='ocrx_word' id='word_1_277' title='bbox 188 3960 362 4031; x_wconf 49' lang='lat' dir='ltr'><strong>adcubes</strong></span> <span class='ocrx_word' id='word_1_278' title='bbox 382 3961 635 4047; x_wconf 79' lang='lat' dir='ltr'><strong>disputationes</strong></span> <span class='ocrx_word' id='word_1_279' title='bbox 653 3961 761 4039; x_wconf 83' lang='lat' dir='ltr'><strong>duas,</strong></span> <span class='ocrx_word' id='word_1_280' title='bbox 785 3982 935 4049; x_wconf 77' lang='lat' dir='ltr'><strong>quarum</strong></span> <span class='ocrx_word' id='word_1_281' title='bbox 954 3959 1054 4025; x_wconf 90' lang='lat' dir='ltr'><strong>initio</strong></span> <span class='ocrx_word' id='word_1_282' title='bbox 1069 3952 1239 4025; x_wconf 71' lang='lat' dir='ltr'><strong>statuitur</strong></span> <span class='ocrx_word' id='word_1_283' title='bbox 1244 3958 1441 4055; x_wconf 83' lang='lat' dir='ltr'><strong>fortunam</strong></span> <span class='ocrx_word' id='word_1_284' title='bbox 1457 3952 1524 4022; x_wconf 79' lang='lat' dir='ltr'><strong>niltil</strong></span> 
     </span>
     <span class='ocr_line' id='line_1_31' title="bbox 108 4047 1569 4145; baseline -0.011 -18"><span class='ocrx_word' id='word_1_285' title='bbox 108 4052 111 4059; x_wconf 64' lang='grc'><strong><em>’</em></strong></span> <span class='ocrx_word' id='word_1_286' title='bbox 171 4074 175 4085; x_wconf 71' lang='grc'><em>“</em></span> <span class='ocrx_word' id='word_1_287' title='bbox 294 4057 365 4125; x_wconf 82' lang='lat' dir='ltr'><strong>sius</strong></span> <span class='ocrx_word' id='word_1_288' title='bbox 387 4058 587 4123; x_wconf 84' lang='lat' dir='ltr'><strong>adiumento</strong></span> <span class='ocrx_word' id='word_1_289' title='bbox 609 4056 681 4126; x_wconf 82' lang='lat' dir='ltr'><strong>sive</strong></span> <span class='ocrx_word' id='word_1_290' title='bbox 702 4055 947 4141; x_wconf 85' lang='lat' dir='ltr'><strong>impedimento</strong></span> <span class='ocrx_word' id='word_1_291' title='bbox 966 4075 1041 4119; x_wconf 86' lang='lat' dir='ltr'><strong>esse</strong></span> <span class='ocrx_word' id='word_1_292' title='bbox 1055 4053 1219 4137; x_wconf 82' lang='lat' dir='ltr'><strong>sapienti.</strong></span> <span class='ocrx_word' id='word_1_293' title='bbox 1261 4056 1360 4121; x_wconf 77' lang='lat' dir='ltr'><strong>Mox</strong></span> <span class='ocrx_word' id='word_1_294' title='bbox 1376 4047 1522 4140; x_wconf 76' lang='lat' dir='ltr'><strong>Augusti</strong></span> <span class='ocrx_word' id='word_1_295' title='bbox 1568 4088 1569 4145; x_wconf 57' lang='lat'>3</span> 
     </span>
     <span class='ocr_line' id='line_1_32' title="bbox 293 4140 1569 4317; baseline -0.005 -102"><span class='ocrx_word' id='word_1_296' title='bbox 293 4172 372 4229; x_wconf 88' lang='lat' dir='ltr'><strong>nus,</strong></span> <span class='ocrx_word' id='word_1_297' title='bbox 392 4162 608 4235; x_wconf 79' lang='lat' dir='ltr'><strong>repugnante</strong></span> <span class='ocrx_word' id='word_1_298' title='bbox 618 4172 689 4235; x_wconf 86' lang='lat' dir='ltr'><strong>pro</strong></span> <span class='ocrx_word' id='word_1_299' title='bbox 704 4150 873 4234; x_wconf 82' lang='lat' dir='ltr'><strong>susceptis</strong></span> <span class='ocrx_word' id='word_1_300' title='bbox 881 4149 1045 4234; x_wconf 81' lang='lat' dir='ltr'><strong>partibus</strong></span> <span class='ocrx_word' id='word_1_301' title='bbox 1059 4148 1203 4236; x_wconf 86' lang='lat' dir='ltr'><strong>Alypio,</strong></span> <span class='ocrx_word' id='word_1_302' title='bbox 1214 4150 1357 4232; x_wconf 85' lang='lat' dir='ltr'><strong>probat,</strong></span> <span class='ocrx_word' id='word_1_303' title='bbox 1382 4140 1524 4214; x_wconf 74' lang='lat' dir='ltr'><strong>muniti!</strong></span> <span class='ocrx_word' id='word_1_304' title='bbox 1566 4158 1569 4317; x_wconf 55' lang='grc'><strong>4</strong></span> 
     </span>
     <span class='ocr_line' id='line_1_33' title="bbox 292 4234 1523 4331; baseline -0.006 -21"><span class='ocrx_word' id='word_1_305' title='bbox 292 4246 378 4311; x_wconf 85' lang='lat' dir='ltr'><strong>sciri</strong></span> <span class='ocrx_word' id='word_1_306' title='bbox 399 4267 423 4310; x_wconf 82' lang='lat' dir='ltr'><strong>a</strong></span> <span class='ocrx_word' id='word_1_307' title='bbox 439 4246 613 4330; x_wconf 85' lang='lat' dir='ltr'><strong>sapiente,</strong></span> <span class='ocrx_word' id='word_1_308' title='bbox 637 4256 756 4329; x_wconf 78' lang='lat' dir='ltr'><strong>utpote</strong></span> <span class='ocrx_word' id='word_1_309' title='bbox 774 4245 834 4331; x_wconf 76' lang='lat' dir='ltr'><strong>qui</strong></span> <span class='ocrx_word' id='word_1_310' title='bbox 851 4246 975 4312; x_wconf 86' lang='lat' dir='ltr'><strong>saltam</strong></span> <span class='ocrx_word' id='word_1_311' title='bbox 995 4243 1205 4328; x_wconf 85' lang='lat' dir='ltr'><strong>sapientiam</strong></span> <span class='ocrx_word' id='word_1_312' title='bbox 1223 4244 1371 4319; x_wconf 80' lang='lat' dir='ltr'><strong>noverit.</strong></span> <span class='ocrx_word' id='word_1_313' title='bbox 1413 4234 1523 4309; x_wconf 74' lang='lat' dir='ltr'><strong>Deinde</strong></span> 
     </span>
     <span class='ocr_line' id='line_1_34' title="bbox 223 4328 1523 4422; baseline -0.005 -18"><span class='ocrx_word' id='word_1_314' title='bbox 223 4328 233 4347; x_wconf 73' lang='grc'><em>“</em></span> <span class='ocrx_word' id='word_1_315' title='bbox 295 4341 451 4409; x_wconf 86' lang='lat' dir='ltr'><strong>Zenonis</strong></span> <span class='ocrx_word' id='word_1_316' title='bbox 472 4339 713 4419; x_wconf 66' lang='lat' dir='ltr'><strong>dffenitrbnem</strong></span> <span class='ocrx_word' id='word_1_317' title='bbox 730 4337 891 4417; x_wconf 83' lang='lat' dir='ltr'><strong>discutit,</strong></span> <span class='ocrx_word' id='word_1_318' title='bbox 922 4349 957 4405; x_wconf 84' lang='lat' dir='ltr'><strong>et</strong></span> <span class='ocrx_word' id='word_1_319' title='bbox 978 4337 1049 4403; x_wconf 81' lang='lat' dir='ltr'><strong>duo</strong></span> <span class='ocrx_word' id='word_1_320' title='bbox 1074 4338 1137 4407; x_wconf 83' lang='lat' dir='ltr'><strong>illa</strong></span> <span class='ocrx_word' id='word_1_321' title='bbox 1161 4338 1345 4422; x_wconf 79' lang='lat' dir='ltr'><strong>redarguit</strong></span> <span class='ocrx_word' id='word_1_322' title='bbox 1365 4328 1523 4409; x_wconf 69' lang='lat' dir='ltr'><strong>Academ-</strong></span> 
     </span>
     <span class='ocr_line' id='line_1_35' title="bbox 264 4412 1521 4529; baseline -0.01 -28"><span class='ocrx_word' id='word_1_323' title='bbox 264 4510 267 4523; x_wconf 75' lang='lat'>‚</span> <span class='ocrx_word' id='word_1_324' title='bbox 292 4457 416 4501; x_wconf 89' lang='lat' dir='ltr'><strong>corum</strong></span> <span class='ocrx_word' id='word_1_325' title='bbox 435 4435 589 4529; x_wconf 66' lang='lat' dir='ltr'><strong>placita:</strong></span> <span class='ocrx_word' id='word_1_326' title='bbox 611 4434 713 4500; x_wconf 81' lang='lat' dir='ltr'><strong>Ntntt</strong></span> <span class='ocrx_word' id='word_1_327' title='bbox 725 4433 861 4516; x_wconf 86' lang='lat' dir='ltr'><strong>percipi</strong></span> <span class='ocrx_word' id='word_1_328' title='bbox 874 4412 1000 4517; x_wconf 71' lang='lat' dir='ltr'><strong>pinsere</strong></span> <span class='ocrx_word' id='word_1_329' title='bbox 1021 4443 1075 4510; x_wconf 88' lang='lat' dir='ltr'><strong>et,</strong></span> <span class='ocrx_word' id='word_1_330' title='bbox 1099 4433 1202 4529; x_wconf 75' lang='lat' dir='ltr'><strong>Nulli</strong></span> <span class='ocrx_word' id='word_1_331' title='bbox 1220 4433 1273 4497; x_wconf 87' lang='lat' dir='ltr'><strong>rei</strong></span> <span class='ocrx_word' id='word_1_332' title='bbox 1291 4433 1412 4499; x_wconf 82' lang='lat' dir='ltr'><strong>debere</strong></span> <span class='ocrx_word' id='word_1_333' title='bbox 1427 4441 1521 4526; x_wconf 51' lang='lat' dir='ltr'><strong>ossen:</strong></span> 
     </span>
     <span class='ocr_line' id='line_1_36' title="bbox 293 4525 1519 4615; baseline -0.006 -17"><span class='ocrx_word' id='word_1_334' title='bbox 293 4530 368 4598; x_wconf 79' lang='lat' dir='ltr'><strong>tiri.</strong></span> <span class='ocrx_word' id='word_1_335' title='bbox 404 4529 508 4596; x_wconf 81' lang='lat' dir='ltr'><strong>Dicit</strong></span> <span class='ocrx_word' id='word_1_336' title='bbox 528 4529 667 4593; x_wconf 81' lang='lat' dir='ltr'><strong>demum</strong></span> <span class='ocrx_word' id='word_1_337' title='bbox 687 4526 799 4595; x_wconf 82' lang='lat' dir='ltr'><strong>videri</strong></span> <span class='ocrx_word' id='word_1_338' title='bbox 812 4526 879 4613; x_wconf 78' lang='lat' dir='ltr'><strong>sibi</strong></span> <span class='ocrx_word' id='word_1_339' title='bbox 899 4525 1127 4595; x_wconf 81' lang='lat' dir='ltr'><strong>Academicos</strong></span> <span class='ocrx_word' id='word_1_340' title='bbox 1148 4548 1219 4597; x_wconf 84' lang='lat' dir='ltr'><strong>non</strong></span> <span class='ocrx_word' id='word_1_341' title='bbox 1235 4527 1293 4615; x_wconf 75' lang='lat' dir='ltr'><strong>ito</strong></span> <span class='ocrx_word' id='word_1_342' title='bbox 1305 4528 1459 4600; x_wconf 84' lang='lat' dir='ltr'><strong>sensisse,</strong></span> <span class='ocrx_word' id='word_1_343' title='bbox 1479 4526 1519 4585; x_wconf 81' lang='lat' dir='ltr'><strong>nn</strong></span> 
     </span>
     <span class='ocr_line' id='line_1_37' title="bbox 293 4621 684 4710; baseline -0.003 -22"><span class='ocrx_word' id='word_1_344' title='bbox 293 4627 397 4710; x_wconf 86' lang='lat' dir='ltr'><strong>uulgo</strong></span> <span class='ocrx_word' id='word_1_345' title='bbox 417 4621 684 4692; x_wconf 80' lang='lat' dir='ltr'><strong>existimantur.</strong></span> 
     </span>
    </p>
   </div>
   <div class='ocr_carea' id='block_1_5' title="bbox 777 4778 989 4800">
    <p class='ocr_par' dir='ltr' id='par_1_18' title="bbox 777 4778 989 4800">
     <span class='ocr_line' id='line_1_38' title="bbox 777 4778 989 4800; baseline 0 -6"><span class='ocrx_word' id='word_1_346' title='bbox 777 4778 989 4800; x_wconf 64' lang='grc' dir='ltr'><strong>σ-ιιιμιι-ιιι</strong></span> 
     </span>
    </p>
   </div>
   <div class='ocr_carea' id='block_1_6' title="bbox 29 4897 1516 5130">
    <p class='ocr_par' dir='ltr' id='par_1_19' title="bbox 29 4897 1516 5130">
     <span class='ocr_line' id='line_1_39' title="bbox 29 4897 1516 5051; baseline -0.007 -35"><span class='ocrx_word' id='word_1_347' title='bbox 29 4942 34 4950; x_wconf 42' lang='lat'><em>*</em></span> <span class='ocrx_word' id='word_1_348' title='bbox 117 4948 121 4955; x_wconf 80' lang='grc'><strong>’</strong></span> <span class='ocrx_word' id='word_1_349' title='bbox 155 4953 158 4975; x_wconf 91' lang='lat'>&#39;</span> <span class='ocrx_word' id='word_1_350' title='bbox 211 4949 242 5017; x_wconf 84' lang='lat'><strong>1.</strong></span> <span class='ocrx_word' id='word_1_351' title='bbox 267 4951 298 5013; x_wconf 84' lang='lat'><strong>1.</strong></span> <span class='ocrx_word' id='word_1_352' title='bbox 324 4897 458 5051; x_wconf 79' lang='lat' dir='ltr'><strong>Quum</strong></span> <span class='ocrx_word' id='word_1_353' title='bbox 477 4959 553 5035; x_wconf 90' lang='lat' dir='ltr'><strong>post</strong></span> <span class='ocrx_word' id='word_1_354' title='bbox 574 4946 662 5011; x_wconf 86' lang='lat' dir='ltr'><strong>illum</strong></span> <span class='ocrx_word' id='word_1_355' title='bbox 681 4966 881 5027; x_wconf 87' lang='lat' dir='ltr'><strong>sermonem,</strong></span> <span class='ocrx_word' id='word_1_356' title='bbox 902 4971 997 5034; x_wconf 88' lang='lat' dir='ltr'><strong>quem</strong></span> <span class='ocrx_word' id='word_1_357' title='bbox 1018 4945 1270 5015; x_wconf 88' lang='lat' dir='ltr'><strong>sccundusliber</strong></span> <span class='ocrx_word' id='word_1_358' title='bbox 1293 4943 1450 5031; x_wconf 84' lang='lat' dir='ltr'><strong>continet,</strong></span> <span class='ocrx_word' id='word_1_359' title='bbox 1469 4929 1516 4999; x_wconf 58' lang='grc' dir='ltr'><strong>ΑΗΘ</strong></span> 
     </span>
     <span class='ocr_line' id='line_1_40' title="bbox 211 5028 1515 5130; baseline -0.008 -21"><span class='ocrx_word' id='word_1_360' title='bbox 211 5045 264 5109; x_wconf 91' lang='lat' dir='ltr'><strong>die</strong></span> <span class='ocrx_word' id='word_1_361' title='bbox 279 5028 530 5106; x_wconf 75' lang='lat' dir='ltr'><strong>consedissemus</strong></span> <span class='ocrx_word' id='word_1_362' title='bbox 544 5042 576 5105; x_wconf 92' lang='lat' dir='ltr'><strong>in</strong></span> <span class='ocrx_word' id='word_1_363' title='bbox 587 5040 727 5118; x_wconf 87' lang='lat' dir='ltr'><strong>balneis,</strong></span> <span class='ocrx_word' id='word_1_364' title='bbox 752 5043 836 5121; x_wconf 88' lang='lat' dir='ltr'><strong>(nam</strong></span> <span class='ocrx_word' id='word_1_365' title='bbox 851 5055 919 5107; x_wconf 86' lang='lat' dir='ltr'><strong>erat</strong></span> <span class='ocrx_word' id='word_1_366' title='bbox 933 5038 1057 5109; x_wconf 87' lang='lat' dir='ltr'><strong>tristior</strong></span> <span class='ocrx_word' id='word_1_367' title='bbox 1072 5046 1167 5130; x_wconf 84' lang='lat' dir='ltr'><strong>quatu</strong></span> <span class='ocrx_word' id='word_1_368' title='bbox 1184 5053 1220 5106; x_wconf 86' lang='lat' dir='ltr'><strong>ttt</strong></span> <span class='ocrx_word' id='word_1_369' title='bbox 1234 5043 1273 5106; x_wconf 88' lang='lat' dir='ltr'><strong>ad</strong></span> <span class='ocrx_word' id='word_1_370' title='bbox 1287 5052 1414 5125; x_wconf 87' lang='lat' dir='ltr'><strong>pratum</strong></span> <span class='ocrx_word' id='word_1_371' title='bbox 1427 5030 1515 5100; x_wconf 71' lang='lat' dir='ltr'><strong>liberti</strong></span> 
     </span>
    </p>
   </div>
   <div class='ocr_carea' id='block_1_7' title="bbox 0 0 1608 5492">
    <p class='ocr_par' dir='ltr' id='par_1_20' title="bbox 0 0 1608 5492">
     <span class='ocr_line' id='line_1_41' title="bbox 0 0 1608 5492; baseline 0 0"><span class='ocrx_word' id='word_1_372' title='bbox 0 0 1608 5492; x_wconf 95' lang='lat' dir='ltr'><strong> </strong></span> 
     </span>
    </p>
   </div>
   <div class='ocr_carea' id='block_1_8' title="bbox 1550 5314 1565 5456">
    <p class='ocr_par' dir='ltr' id='par_1_21' title="bbox 1550 5314 1565 5456">
     <span class='ocr_line' id='line_1_42' title="bbox 1550 5314 1565 5456; baseline 0 0"><span class='ocrx_word' id='word_1_373' title='bbox 1550 5314 1565 5456; x_wconf 87' lang='lat' dir='ltr'><strong>l</strong></span> 
     </span>
    </p>
   </div>
  </div>
 </body>
</html>
