<?xml version="1.0" encoding="UTF-8"?>
<!DOCTYPE html PUBLIC "-//W3C//DTD XHTML 1.0 Transitional//EN"
    "http://www.w3.org/TR/xhtml1/DTD/xhtml1-transitional.dtd">
<html xmlns="http://www.w3.org/1999/xhtml" xml:lang="en" lang="en">
 <head>
  <title>
</title>
<meta http-equiv="Content-Type" content="text/html;charset=utf-8" />
  <meta name='ocr-system' content='tesseract 3.04.00' />
  <meta name='ocr-capabilities' content='ocr_page ocr_carea ocr_par ocr_line ocrx_word'/>
</head>
<body>
  <div class='ocr_page' id='page_1' title='image "./mtulliiciceroni01orelgoog_0025.png"; bbox 0 0 3288 5490; ppageno 0'>
   <div class='ocr_carea' id='block_1_1' title="bbox 201 403 1189 499">
    <p class='ocr_par' dir='ltr' id='par_1_1' title="bbox 201 403 1189 499">
     <span class='ocr_line' id='line_1_1' title="bbox 201 403 1189 499; baseline -0.006 -23"><span class='ocrx_word' id='word_1_1' title='bbox 201 414 241 476; x_wconf 76' lang='lat' dir='ltr'><strong>aa</strong></span> <span class='ocrx_word' id='word_1_2' title='bbox 546 403 943 471; x_wconf 78' lang='lat' dir='ltr'><strong>acanentconum</strong></span> <span class='ocrx_word' id='word_1_3' title='bbox 964 406 1189 499; x_wconf 77' lang='lat' dir='ltr'><strong>rotonum</strong></span> 
     </span>
    </p>
   </div>
   <div class='ocr_carea' id='block_1_2' title="bbox 137 532 1604 2047">
    <p class='ocr_par' dir='ltr' id='par_1_2' title="bbox 137 532 1538 731">
     <span class='ocr_line' id='line_1_2' title="bbox 195 532 1538 641; baseline 0.001 -26"><span class='ocrx_word' id='word_1_4' title='bbox 195 532 331 641; x_wconf 61' lang='lat' dir='ltr'><strong>quabum</strong></span> <span class='ocrx_word' id='word_1_5' title='bbox 354 571 449 614; x_wconf 89' lang='lat' dir='ltr'><strong>omne</strong></span> <span class='ocrx_word' id='word_1_6' title='bbox 473 570 555 631; x_wconf 80' lang='lat' dir='ltr'><strong>opos</strong></span> <span class='ocrx_word' id='word_1_7' title='bbox 578 559 626 611; x_wconf 90' lang='lat' dir='ltr'><strong>est</strong></span> <span class='ocrx_word' id='word_1_8' title='bbox 647 546 680 610; x_wconf 92' lang='lat' dir='ltr'><strong>in</strong></span> <span class='ocrx_word' id='word_1_9' title='bbox 702 545 851 613; x_wconf 86' lang='lat' dir='ltr'><strong>faciendo</strong></span> <span class='ocrx_word' id='word_1_10' title='bbox 868 560 965 634; x_wconf 90' lang='lat' dir='ltr'><strong>atque</strong></span> <span class='ocrx_word' id='word_1_11' title='bbox 980 550 1118 630; x_wconf 80' lang='lat' dir='ltr'><strong>agendo.</strong></span> <span class='ocrx_word' id='word_1_12' title='bbox 1151 545 1252 628; x_wconf 66' lang='lat' dir='ltr'><strong>,Quid</strong></span> <span class='ocrx_word' id='word_1_13' title='bbox 1266 547 1349 612; x_wconf 85' lang='lat' dir='ltr'><strong>enim</strong></span> <span class='ocrx_word' id='word_1_14' title='bbox 1365 561 1425 628; x_wconf 77' lang='lat' dir='ltr'><strong>est,</strong></span> <span class='ocrx_word' id='word_1_15' title='bbox 1447 554 1538 635; x_wconf 79' lang='lat' dir='ltr'><strong>qood</strong></span> 
     </span>
     <span class='ocr_line' id='line_1_3' title="bbox 137 640 1461 731; baseline -0.004 -20"><span class='ocrx_word' id='word_1_16' title='bbox 137 712 148 731; x_wconf 72' lang='lat'><strong>.</strong></span> <span class='ocrx_word' id='word_1_17' title='bbox 193 659 265 713; x_wconf 83' lang='lat' dir='ltr'><strong>arte</strong></span> <span class='ocrx_word' id='word_1_18' title='bbox 284 645 365 709; x_wconf 90' lang='lat' dir='ltr'><strong>effici</strong></span> <span class='ocrx_word' id='word_1_19' title='bbox 386 642 507 726; x_wconf 79' lang='lat' dir='ltr'><strong>possit,</strong></span> <span class='ocrx_word' id='word_1_20' title='bbox 534 640 593 707; x_wconf 88' lang='lat' dir='ltr'><strong>nisi</strong></span> <span class='ocrx_word' id='word_1_21' title='bbox 614 641 660 717; x_wconf 86' lang='lat' dir='ltr'><strong>ia,</strong></span> <span class='ocrx_word' id='word_1_22' title='bbox 685 641 740 726; x_wconf 89' lang='lat' dir='ltr'><strong>qui</strong></span> <span class='ocrx_word' id='word_1_23' title='bbox 761 655 861 706; x_wconf 87' lang='lat' dir='ltr'><strong>artem</strong></span> <span class='ocrx_word' id='word_1_24' title='bbox 884 642 1051 716; x_wconf 76' lang='lat' dir='ltr'><strong>tractabit,</strong></span> <span class='ocrx_word' id='word_1_25' title='bbox 1080 643 1177 705; x_wconf 84' lang='lat' dir='ltr'><strong>multa</strong></span> <span class='ocrx_word' id='word_1_26' title='bbox 1199 643 1408 725; x_wconf 77' lang='lat' dir='ltr'><strong>perceperit?</strong></span> <span class='ocrx_word' id='word_1_27' title='bbox 1456 714 1461 719; x_wconf 50' lang='grc'><em>,</em></span> 
     </span>
    </p>

    <p class='ocr_par' dir='ltr' id='par_1_3' title="bbox 156 735 1604 2047">
     <span class='ocr_line' id='line_1_4' title="bbox 211 735 1541 821; baseline 0.002 -20"><span class='ocrx_word' id='word_1_28' title='bbox 211 790 215 801; x_wconf 80' lang='grc'><strong>.</strong></span> <span class='ocrx_word' id='word_1_29' title='bbox 280 739 381 802; x_wconf 85' lang='lat' dir='ltr'><strong>VIII.</strong></span> <span class='ocrx_word' id='word_1_30' title='bbox 406 738 459 803; x_wconf 85' lang='grc'><strong>23.</strong></span> <span class='ocrx_word' id='word_1_31' title='bbox 484 735 629 801; x_wconf 81' lang='lat' dir='ltr'><strong>Maxime</strong></span> <span class='ocrx_word' id='word_1_32' title='bbox 647 756 731 801; x_wconf 86' lang='lat' dir='ltr'><strong>vero</strong></span> <span class='ocrx_word' id='word_1_33' title='bbox 746 735 901 799; x_wconf 84' lang='lat' dir='ltr'><strong>virtutum</strong></span> <span class='ocrx_word' id='word_1_34' title='bbox 917 735 1065 821; x_wconf 80' lang='lat' dir='ltr'><strong>cognitio</strong></span> <span class='ocrx_word' id='word_1_35' title='bbox 1081 737 1249 800; x_wconf 81' lang='lat' dir='ltr'><strong>confirmat</strong></span> <span class='ocrx_word' id='word_1_36' title='bbox 1264 738 1433 820; x_wconf 87' lang='lat' dir='ltr'><strong>percipiet</strong></span> <span class='ocrx_word' id='word_1_37' title='bbox 1448 760 1541 804; x_wconf 86' lang='lat' dir='ltr'><strong>com·</strong></span> 
     </span>
     <span class='ocr_line' id='line_1_5' title="bbox 193 829 1539 920; baseline -0.001 -21"><span class='ocrx_word' id='word_1_38' title='bbox 193 834 350 920; x_wconf 80' lang='lat' dir='ltr'><strong>prehendi</strong></span> <span class='ocrx_word' id='word_1_39' title='bbox 373 832 470 894; x_wconf 89' lang='lat' dir='ltr'><strong>multa</strong></span> <span class='ocrx_word' id='word_1_40' title='bbox 492 850 602 912; x_wconf 79' lang='lat' dir='ltr'><strong>posse.</strong></span> <span class='ocrx_word' id='word_1_41' title='bbox 648 829 686 895; x_wconf 90' lang='lat' dir='ltr'><strong>In</strong></span> <span class='ocrx_word' id='word_1_42' title='bbox 710 829 826 914; x_wconf 86' lang='lat' dir='ltr'><strong>quihus</strong></span> <span class='ocrx_word' id='word_1_43' title='bbox 849 829 926 893; x_wconf 84' lang='lat' dir='ltr'><strong>solia</strong></span> <span class='ocrx_word' id='word_1_44' title='bbox 949 830 1053 895; x_wconf 79' lang='lat' dir='ltr'><strong>inesse</strong></span> <span class='ocrx_word' id='word_1_45' title='bbox 1070 831 1176 895; x_wconf 69' lang='lat' dir='ltr'><strong>ctiam</strong></span> <span class='ocrx_word' id='word_1_46' title='bbox 1198 832 1362 897; x_wconf 75' lang='lat' dir='ltr'><strong>scientiam</strong></span> <span class='ocrx_word' id='word_1_47' title='bbox 1385 833 1539 908; x_wconf 82' lang='lat' dir='ltr'><strong>dicimns3</strong></span> 
     </span>
     <span class='ocr_line' id='line_1_6' title="bbox 195 923 1540 1020; baseline 0.001 -29"><span class='ocrx_word' id='word_1_48' title='bbox 195 951 289 1020; x_wconf 88' lang='lat' dir='ltr'><strong>qoam</strong></span> <span class='ocrx_word' id='word_1_49' title='bbox 306 948 365 991; x_wconf 86' lang='lat' dir='ltr'><strong>nos</strong></span> <span class='ocrx_word' id='word_1_50' title='bbox 381 947 446 989; x_wconf 91' lang='lat' dir='ltr'><strong>non</strong></span> <span class='ocrx_word' id='word_1_51' title='bbox 461 923 779 1006; x_wconf 82' lang='lat' dir='ltr'><strong>comprehensionem</strong></span> <span class='ocrx_word' id='word_1_52' title='bbox 805 927 902 989; x_wconf 88' lang='lat' dir='ltr'><strong>modo</strong></span> <span class='ocrx_word' id='word_1_53' title='bbox 919 944 1040 999; x_wconf 85' lang='lat' dir='ltr'><strong>rerum,</strong></span> <span class='ocrx_word' id='word_1_54' title='bbox 1066 926 1214 989; x_wconf 74' lang='lat' dir='ltr'><strong>sedeam</strong></span> <span class='ocrx_word' id='word_1_55' title='bbox 1237 927 1382 991; x_wconf 83' lang='lat' dir='ltr'><strong>stabilem</strong></span> <span class='ocrx_word' id='word_1_56' title='bbox 1405 946 1540 1014; x_wconf 87' lang='lat' dir='ltr'><strong>quoque</strong></span> 
     </span>
     <span class='ocr_line' id='line_1_7' title="bbox 195 1014 1537 1103; baseline -0.002 -16"><span class='ocrx_word' id='word_1_57' title='bbox 195 1014 235 1097; x_wconf 80' lang='lat' dir='ltr'><strong>c‘t</strong></span> <span class='ocrx_word' id='word_1_58' title='bbox 257 1020 503 1087; x_wconf 82' lang='lat' dir='ltr'><strong>immutabilem¹</strong></span> <span class='ocrx_word' id='word_1_59' title='bbox 527 1038 597 1083; x_wconf 86' lang='lat' dir='ltr'><strong>esse</strong></span> <span class='ocrx_word' id='word_1_60' title='bbox 625 1039 810 1082; x_wconf 81' lang='lat' dir='ltr'><strong>censemus:</strong></span> <span class='ocrx_word' id='word_1_61' title='bbox 848 1017 988 1103; x_wconf 84' lang='lat' dir='ltr'><strong>itemque</strong></span> <span class='ocrx_word' id='word_1_62' title='bbox 1017 1019 1226 1102; x_wconf 77' lang='lat' dir='ltr'><strong>sapientiam,</strong></span> <span class='ocrx_word' id='word_1_63' title='bbox 1261 1033 1362 1085; x_wconf 84' lang='lat' dir='ltr'><strong>artem</strong></span> <span class='ocrx_word' id='word_1_64' title='bbox 1392 1023 1537 1099; x_wconf 80' lang='lat' dir='ltr'><strong>vivendi,</strong></span> 
     </span>
     <span class='ocr_line' id='line_1_8' title="bbox 195 1111 1540 1204; baseline 0 -24"><span class='ocrx_word' id='word_1_65' title='bbox 195 1139 277 1204; x_wconf 88' lang='lat' dir='ltr'><strong>quae</strong></span> <span class='ocrx_word' id='word_1_66' title='bbox 307 1116 377 1199; x_wconf 87' lang='lat' dir='ltr'><strong>ipsa</strong></span> <span class='ocrx_word' id='word_1_67' title='bbox 407 1136 449 1177; x_wconf 81' lang='lat' dir='ltr'><strong>ex</strong></span> <span class='ocrx_word' id='word_1_68' title='bbox 479 1134 549 1176; x_wconf 83' lang='lat' dir='ltr'><strong>sese</strong></span> <span class='ocrx_word' id='word_1_69' title='bbox 577 1113 695 1177; x_wconf 83' lang='lat' dir='ltr'><strong>habeat</strong></span> <span class='ocrx_word' id='word_1_70' title='bbox 714 1111 950 1178; x_wconf 73' lang='lat' dir='ltr'><strong>constantiam.</strong></span> <span class='ocrx_word' id='word_1_71' title='bbox 995 1116 1045 1179; x_wconf 88' lang='lat' dir='ltr'><strong>Ea</strong></span> <span class='ocrx_word' id='word_1_72' title='bbox 1074 1126 1178 1179; x_wconf 86' lang='lat' dir='ltr'><strong>autem</strong></span> <span class='ocrx_word' id='word_1_73' title='bbox 1205 1117 1387 1179; x_wconf 76' lang='lat' dir='ltr'><strong>constantia</strong></span> <span class='ocrx_word' id='word_1_74' title='bbox 1407 1116 1435 1180; x_wconf 83' lang='lat' dir='ltr'><strong>si</strong></span> <span class='ocrx_word' id='word_1_75' title='bbox 1458 1114 1540 1180; x_wconf 86' lang='lat' dir='ltr'><strong>nihil</strong></span> 
     </span>
     <span class='ocr_line' id='line_1_9' title="bbox 156 1207 1539 1292; baseline -0.001 -17"><span class='ocrx_word' id='word_1_76' title='bbox 156 1280 158 1287; x_wconf 23' lang='lat'><strong>¹</strong></span> <span class='ocrx_word' id='word_1_77' title='bbox 194 1214 310 1275; x_wconf 89' lang='lat' dir='ltr'><strong>haheat</strong></span> <span class='ocrx_word' id='word_1_78' title='bbox 338 1207 483 1291; x_wconf 81' lang='lat' dir='ltr'><strong>percepti</strong></span> <span class='ocrx_word' id='word_1_79' title='bbox 510 1218 544 1270; x_wconf 89' lang='lat' dir='ltr'><strong>et</strong></span> <span class='ocrx_word' id='word_1_80' title='bbox 572 1207 712 1292; x_wconf 76' lang='lat' dir='ltr'><strong>cognitI,</strong></span> <span class='ocrx_word' id='word_1_81' title='bbox 750 1228 892 1291; x_wconf 80' lang='lat' dir='ltr'><strong>quaero,</strong></span> <span class='ocrx_word' id='word_1_82' title='bbox 915 1209 999 1271; x_wconf 76' lang='lat' dir='ltr'><strong>unde</strong></span> <span class='ocrx_word' id='word_1_83' title='bbox 1023 1219 1097 1272; x_wconf 83' lang='lat' dir='ltr'><strong>nata</strong></span> <span class='ocrx_word' id='word_1_84' title='bbox 1122 1207 1182 1284; x_wconf 85' lang='lat' dir='ltr'><strong>sit,</strong></span> <span class='ocrx_word' id='word_1_85' title='bbox 1219 1210 1295 1270; x_wconf 78' lang='lat' dir='ltr'><strong>ant²</strong></span> <span class='ocrx_word' id='word_1_86' title='bbox 1317 1230 1386 1292; x_wconf 87' lang='lat' dir='ltr'><strong>qno</strong></span> <span class='ocrx_word' id='word_1_87' title='bbox 1413 1209 1539 1275; x_wconf 74' lang='lat' dir='ltr'><strong>modo?</strong></span> 
     </span>
     <span class='ocr_line' id='line_1_10' title="bbox 164 1296 1538 1387; baseline -0.001 -18"><span class='ocrx_word' id='word_1_88' title='bbox 164 1310 165 1313; x_wconf 71' lang='grc'>’</span> <span class='ocrx_word' id='word_1_89' title='bbox 196 1308 327 1387; x_wconf 79' lang='lat' dir='ltr'><strong>Qeraero</strong></span> <span class='ocrx_word' id='word_1_90' title='bbox 352 1302 463 1378; x_wconf 88' lang='lat' dir='ltr'><strong>etiam,</strong></span> <span class='ocrx_word' id='word_1_91' title='bbox 488 1302 542 1365; x_wconf 91' lang='lat' dir='ltr'><strong>ille</strong></span> <span class='ocrx_word' id='word_1_92' title='bbox 565 1303 615 1364; x_wconf 84' lang='lat' dir='ltr'><strong>vir</strong></span> <span class='ocrx_word' id='word_1_93' title='bbox 636 1304 761 1379; x_wconf 80' lang='lat' dir='ltr'><strong>bontra,</strong></span> <span class='ocrx_word' id='word_1_94' title='bbox 794 1301 849 1384; x_wconf 89' lang='lat' dir='ltr'><strong>qui</strong></span> <span class='ocrx_word' id='word_1_95' title='bbox 871 1296 1130 1365; x_wconf 77' lang='lat' dir='ltr'><strong>sntnit&#39;omnem</strong></span> <span class='ocrx_word' id='word_1_96' title='bbox 1153 1301 1330 1365; x_wconf 79' lang='lat' dir='ltr'><strong>cnrmiatnm</strong></span> <span class='ocrx_word' id='word_1_97' title='bbox 1352 1297 1538 1384; x_wconf 80' lang='lat' dir='ltr'><strong>perserrc³,</strong></span> 
     </span>
     <span class='ocr_line' id='line_1_11' title="bbox 194 1394 1537 1489; baseline -0.004 -23"><span class='ocrx_word' id='word_1_98' title='bbox 194 1397 390 1466; x_wconf 83' lang='lat' dir='ltr'><strong>intolerabili</strong></span> <span class='ocrx_word' id='word_1_99' title='bbox 412 1397 524 1471; x_wconf 80' lang='lat' dir='ltr'><strong>dolore</strong></span> <span class='ocrx_word' id='word_1_100' title='bbox 546 1395 684 1461; x_wconf 83' lang='lat' dir='ltr'><strong>lacerari</strong></span> <span class='ocrx_word' id='word_1_101' title='bbox 706 1396 827 1489; x_wconf 76' lang='lat' dir='ltr'><strong>potius,</strong></span> <span class='ocrx_word' id='word_1_102' title='bbox 852 1417 946 1480; x_wconf 84' lang='lat' dir='ltr'><strong>qnam</strong></span> <span class='ocrx_word' id='word_1_103' title='bbox 970 1397 1024 1457; x_wconf 65' lang='grc' dir='ltr'><strong>ιιι4</strong></span> <span class='ocrx_word' id='word_1_104' title='bbox 1040 1394 1178 1461; x_wconf 90' lang='lat' dir='ltr'><strong>officium</strong></span> <span class='ocrx_word' id='word_1_105' title='bbox 1198 1398 1330 1477; x_wconf 87' lang='lat' dir='ltr'><strong>prodat,</strong></span> <span class='ocrx_word' id='word_1_106' title='bbox 1354 1407 1409 1471; x_wconf 79' lang='lat' dir='ltr'><strong>aut</strong></span> <span class='ocrx_word' id='word_1_107' title='bbox 1424 1396 1537 1472; x_wconf 84' lang='lat' dir='ltr'><strong>fidem,</strong></span> 
     </span>
     <span class='ocr_line' id='line_1_12' title="bbox 195 1480 1541 1576; baseline -0.003 -18"><span class='ocrx_word' id='word_1_108' title='bbox 195 1532 237 1543; x_wconf 91' lang='lat'><em>-</em></span> <span class='ocrx_word' id='word_1_109' title='bbox 259 1515 319 1558; x_wconf 88' lang='lat' dir='ltr'><strong>cnr</strong></span> <span class='ocrx_word' id='word_1_110' title='bbox 340 1495 396 1555; x_wconf 88' lang='lat' dir='ltr'><strong>has</strong></span> <span class='ocrx_word' id='word_1_111' title='bbox 419 1480 541 1576; x_wconf 78' lang='lat' dir='ltr'><strong>igitur6</strong></span> <span class='ocrx_word' id='word_1_112' title='bbox 556 1489 618 1552; x_wconf 89' lang='lat' dir='ltr'><strong>sihi</strong></span> <span class='ocrx_word' id='word_1_113' title='bbox 640 1502 703 1553; x_wconf 92' lang='lat' dir='ltr'><strong>tam</strong></span> <span class='ocrx_word' id='word_1_114' title='bbox 725 1511 843 1574; x_wconf 80' lang='lat' dir='ltr'><strong>graves</strong></span> <span class='ocrx_word' id='word_1_115' title='bbox 858 1492 949 1575; x_wconf 84' lang='lat' dir='ltr'><strong>leges</strong></span> <span class='ocrx_word' id='word_1_116' title='bbox 964 1488 1166 1572; x_wconf 82' lang='lat' dir='ltr'><strong>imposuerit,</strong></span> <span class='ocrx_word' id='word_1_117' title='bbox 1191 1511 1301 1572; x_wconf 87' lang='lat' dir='ltr'><strong>quum,</strong></span> <span class='ocrx_word' id='word_1_118' title='bbox 1326 1492 1541 1572; x_wconf 78' lang='lat' dir='ltr'><strong>quamohrem</strong></span> 
     </span>
     <span class='ocr_line' id='line_1_13' title="bbox 192 1582 1538 1669; baseline -0.003 -17"><span class='ocrx_word' id='word_1_119' title='bbox 192 1588 238 1653; x_wconf 90' lang='lat' dir='ltr'><strong>ita</strong></span> <span class='ocrx_word' id='word_1_120' title='bbox 255 1595 442 1669; x_wconf 86' lang='lat' dir='ltr'><strong>oporteret,</strong></span> <span class='ocrx_word' id='word_1_121' title='bbox 467 1583 546 1647; x_wconf 91' lang='lat' dir='ltr'><strong>nihil</strong></span> <span class='ocrx_word' id='word_1_122' title='bbox 566 1584 700 1645; x_wconf 86' lang='lat' dir='ltr'><strong>haberet</strong></span> <span class='ocrx_word' id='word_1_123' title='bbox 722 1585 966 1665; x_wconf 85' lang='lat' dir='ltr'><strong>comprehensi,</strong></span> <span class='ocrx_word' id='word_1_124' title='bbox 991 1583 1155 1667; x_wconf 80' lang='lat' dir='ltr'><strong>percepti,</strong></span> <span class='ocrx_word' id='word_1_125' title='bbox 1180 1582 1320 1667; x_wconf 80' lang='lat' dir='ltr'><strong>cogniti,</strong></span> <span class='ocrx_word' id='word_1_126' title='bbox 1345 1584 1538 1648; x_wconf 77' lang='lat' dir='ltr'><strong>constituti?</strong></span> 
     </span>
     <span class='ocr_line' id='line_1_14' title="bbox 194 1675 1604 1764; baseline -0.005 -19"><span class='ocrx_word' id='word_1_127' title='bbox 194 1683 296 1746; x_wconf 82' lang='lat' dir='ltr'><strong>Nullo</strong></span> <span class='ocrx_word' id='word_1_128' title='bbox 319 1679 418 1764; x_wconf 81' lang='lat' dir='ltr'><strong>igitur</strong></span> <span class='ocrx_word' id='word_1_129' title='bbox 441 1679 537 1741; x_wconf 88' lang='lat' dir='ltr'><strong>modo</strong></span> <span class='ocrx_word' id='word_1_130' title='bbox 560 1676 631 1739; x_wconf 87' lang='lat' dir='ltr'><strong>lieri</strong></span> <span class='ocrx_word' id='word_1_131' title='bbox 652 1688 778 1758; x_wconf 89' lang='lat' dir='ltr'><strong>potest,</strong></span> <span class='ocrx_word' id='word_1_132' title='bbox 804 1691 838 1740; x_wconf 91' lang='lat' dir='ltr'><strong>ut</strong></span> <span class='ocrx_word' id='word_1_133' title='bbox 861 1678 1029 1763; x_wconf 82' lang='lat' dir='ltr'><strong>quisquam</strong></span> <span class='ocrx_word' id='word_1_134' title='bbox 1050 1675 1131 1740; x_wconf 87' lang='lat' dir='ltr'><strong>tanti</strong></span> <span class='ocrx_word' id='word_1_135' title='bbox 1152 1675 1296 1739; x_wconf 84' lang='lat' dir='ltr'><strong>aestimet</strong></span> <span class='ocrx_word' id='word_1_136' title='bbox 1317 1676 1536 1760; x_wconf 80' lang='lat' dir='ltr'><strong>aequitatem⁶</strong></span> <span class='ocrx_word' id='word_1_137' title='bbox 1603 1680 1604 1683; x_wconf 72' lang='grc'>’</span> 
     </span>
     <span class='ocr_line' id='line_1_15' title="bbox 198 1769 1539 1853; baseline -0.003 -14"><span class='ocrx_word' id='word_1_138' title='bbox 198 1788 230 1840; x_wconf 91' lang='lat' dir='ltr'><strong>et</strong></span> <span class='ocrx_word' id='word_1_139' title='bbox 251 1776 364 1848; x_wconf 82' lang='lat' dir='ltr'><strong>fidem,</strong></span> <span class='ocrx_word' id='word_1_140' title='bbox 399 1784 435 1835; x_wconf 91' lang='lat' dir='ltr'><strong>ut</strong></span> <span class='ocrx_word' id='word_1_141' title='bbox 458 1771 524 1844; x_wconf 87' lang='lat' dir='ltr'><strong>eius</strong></span> <span class='ocrx_word' id='word_1_142' title='bbox 548 1773 787 1851; x_wconf 80' lang='lat' dir='ltr'><strong>conservandae</strong></span> <span class='ocrx_word' id='word_1_143' title='bbox 800 1793 906 1835; x_wconf 85' lang='lat' dir='ltr'><strong>causa</strong></span> <span class='ocrx_word' id='word_1_144' title='bbox 928 1769 1267 1853; x_wconf 78' lang='lat' dir='ltr'><strong>millomsupplioium</strong></span> <span class='ocrx_word' id='word_1_145' title='bbox 1289 1782 1438 1845; x_wconf 84' lang='lat' dir='ltr'><strong>recuset,</strong></span> <span class='ocrx_word' id='word_1_146' title='bbox 1473 1771 1539 1835; x_wconf 86' lang='lat' dir='ltr'><strong>nisi</strong></span> 
     </span>
     <span class='ocr_line' id='line_1_16' title="bbox 194 1856 1538 1950; baseline -0.004 -17"><span class='ocrx_word' id='word_1_147' title='bbox 194 1869 254 1935; x_wconf 87' lang='lat' dir='ltr'><strong>iis⁷</strong></span> <span class='ocrx_word' id='word_1_148' title='bbox 269 1871 366 1931; x_wconf 85' lang='lat' dir='ltr'><strong>rebus</strong></span> <span class='ocrx_word' id='word_1_149' title='bbox 385 1888 530 1930; x_wconf 85' lang='lat' dir='ltr'><strong>assensus</strong></span> <span class='ocrx_word' id='word_1_150' title='bbox 546 1865 619 1940; x_wconf 65' lang='lat' dir='ltr'><strong>aitss,</strong></span> <span class='ocrx_word' id='word_1_151' title='bbox 645 1886 726 1950; x_wconf 89' lang='lat' dir='ltr'><strong>quae</strong></span> <span class='ocrx_word' id='word_1_152' title='bbox 744 1865 845 1930; x_wconf 83' lang='lat' dir='ltr'><strong>falsae</strong></span> <span class='ocrx_word' id='word_1_153' title='bbox 860 1888 929 1931; x_wconf 85' lang='lat' dir='ltr'><strong>esse</strong></span> <span class='ocrx_word' id='word_1_154' title='bbox 944 1888 1010 1929; x_wconf 88' lang='lat' dir='ltr'><strong>non</strong></span> <span class='ocrx_word' id='word_1_155' title='bbox 1024 1856 1180 1948; x_wconf 63' lang='lat' dir='ltr'><strong>possunt.</strong></span> <span class='ocrx_word' id='word_1_156' title='bbox 1217 1865 1271 1927; x_wconf 73' lang='lat'><strong>24.</strong></span> <span class='ocrx_word' id='word_1_157' title='bbox 1294 1862 1371 1945; x_wconf 88' lang='lat' dir='ltr'><strong>Ipsa</strong></span> <span class='ocrx_word' id='word_1_158' title='bbox 1386 1886 1466 1929; x_wconf 87' lang='lat' dir='ltr'><strong>vero</strong></span> <span class='ocrx_word' id='word_1_159' title='bbox 1482 1886 1538 1928; x_wconf 85' lang='lat' dir='ltr'><strong>sa·</strong></span> 
     </span>
     <span class='ocr_line' id='line_1_17' title="bbox 193 1958 1537 2047; baseline -0.002 -20"><span class='ocrx_word' id='word_1_160' title='bbox 193 1964 333 2047; x_wconf 81' lang='lat' dir='ltr'><strong>pientia,</strong></span> <span class='ocrx_word' id='word_1_161' title='bbox 358 1961 386 2025; x_wconf 87' lang='lat' dir='ltr'><strong>si</strong></span> <span class='ocrx_word' id='word_1_162' title='bbox 408 1983 442 2024; x_wconf 90' lang='lat' dir='ltr'><strong>se</strong></span> <span class='ocrx_word' id='word_1_163' title='bbox 464 1958 647 2045; x_wconf 80' lang='lat' dir='ltr'><strong>ignorabit,</strong></span> <span class='ocrx_word' id='word_1_164' title='bbox 673 1959 828 2041; x_wconf 87' lang='lat' dir='ltr'><strong>sapientia</strong></span> <span class='ocrx_word' id='word_1_165' title='bbox 850 1960 910 2036; x_wconf 84' lang='lat' dir='ltr'><strong>sit,</strong></span> <span class='ocrx_word' id='word_1_166' title='bbox 935 1981 1053 2035; x_wconf 88' lang='lat' dir='ltr'><strong>necne;</strong></span> <span class='ocrx_word' id='word_1_167' title='bbox 1076 1980 1144 2044; x_wconf 87' lang='lat' dir='ltr'><strong>quo</strong></span> <span class='ocrx_word' id='word_1_168' title='bbox 1167 1961 1265 2025; x_wconf 84' lang='lat' dir='ltr'><strong>modo</strong></span> <span class='ocrx_word' id='word_1_169' title='bbox 1287 1958 1424 2041; x_wconf 84' lang='lat' dir='ltr'><strong>primum</strong></span> <span class='ocrx_word' id='word_1_170' title='bbox 1447 1959 1537 2025; x_wconf 91' lang='lat' dir='ltr'><strong>obti-</strong></span> 
     </span>
    </p>
   </div>
   <div class='ocr_carea' id='block_1_3' title="bbox 195 2053 1638 2140">
    <p class='ocr_par' dir='ltr' id='par_1_4' title="bbox 195 2053 1638 2140">
     <span class='ocr_line' id='line_1_18' title="bbox 195 2053 1638 2140; baseline -0.003 -19"><span class='ocrx_word' id='word_1_171' title='bbox 195 2057 283 2121; x_wconf 89' lang='lat' dir='ltr'><strong>nehit</strong></span> <span class='ocrx_word' id='word_1_172' title='bbox 305 2076 421 2118; x_wconf 91' lang='lat' dir='ltr'><strong>nomen</strong></span> <span class='ocrx_word' id='word_1_173' title='bbox 444 2053 639 2136; x_wconf 75' lang='lat' dir='ltr'><strong>sapientiae?</strong></span> <span class='ocrx_word' id='word_1_174' title='bbox 676 2055 787 2119; x_wconf 89' lang='lat' dir='ltr'><strong>deinde</strong></span> <span class='ocrx_word' id='word_1_175' title='bbox 810 2077 876 2139; x_wconf 87' lang='lat' dir='ltr'><strong>quo</strong></span> <span class='ocrx_word' id='word_1_176' title='bbox 898 2058 996 2120; x_wconf 88' lang='lat' dir='ltr'><strong>modo</strong></span> <span class='ocrx_word' id='word_1_177' title='bbox 1018 2054 1183 2136; x_wconf 87' lang='lat' dir='ltr'><strong>suscipere</strong></span> <span class='ocrx_word' id='word_1_178' title='bbox 1205 2054 1341 2140; x_wconf 84' lang='lat' dir='ltr'><strong>aliquam</strong></span> <span class='ocrx_word' id='word_1_179' title='bbox 1362 2076 1450 2131; x_wconf 89' lang='lat' dir='ltr'><strong>rem,</strong></span> <span class='ocrx_word' id='word_1_180' title='bbox 1478 2066 1539 2118; x_wconf 90' lang='lat' dir='ltr'><strong>aut</strong></span> <span class='ocrx_word' id='word_1_181' title='bbox 1574 2068 1577 2074; x_wconf 87' lang='lat'>&#39;</span> <span class='ocrx_word' id='word_1_182' title='bbox 1633 2066 1638 2079; x_wconf 84' lang='lat'><strong>&#39;</strong></span> 
     </span>
    </p>
   </div>
   <div class='ocr_carea' id='block_1_4' title="bbox 195 2137 1556 2614">
    <p class='ocr_par' dir='ltr' id='par_1_5' title="bbox 195 2137 1556 2614">
     <span class='ocr_line' id='line_1_19' title="bbox 197 2137 1556 2236; baseline -0.001 -21"><span class='ocrx_word' id='word_1_183' title='bbox 197 2171 295 2236; x_wconf 84' lang='lat' dir='ltr'><strong>agere</strong></span> <span class='ocrx_word' id='word_1_184' title='bbox 323 2137 459 2212; x_wconf 83' lang='lat' dir='ltr'><strong>lidenter</strong></span> <span class='ocrx_word' id='word_1_185' title='bbox 488 2145 634 2224; x_wconf 79' lang='lat' dir='ltr'><strong>audebit,</strong></span> <span class='ocrx_word' id='word_1_186' title='bbox 670 2170 769 2231; x_wconf 86' lang='lat' dir='ltr'><strong>quum</strong></span> <span class='ocrx_word' id='word_1_187' title='bbox 791 2150 872 2214; x_wconf 82' lang='lat' dir='ltr'><strong>certi</strong></span> <span class='ocrx_word' id='word_1_188' title='bbox 893 2150 971 2213; x_wconf 85' lang='lat' dir='ltr'><strong>nihil</strong></span> <span class='ocrx_word' id='word_1_189' title='bbox 993 2150 1074 2225; x_wconf 91' lang='lat' dir='ltr'><strong>erit,</strong></span> <span class='ocrx_word' id='word_1_190' title='bbox 1109 2152 1200 2233; x_wconf 91' lang='lat' dir='ltr'><strong>quod</strong></span> <span class='ocrx_word' id='word_1_191' title='bbox 1221 2148 1398 2232; x_wconf 83' lang='lat' dir='ltr'><strong>sequatur?</strong></span> <span class='ocrx_word' id='word_1_192' title='bbox 1434 2145 1556 2234; x_wconf 78' lang='lat' dir='ltr'><strong>quum&#39;</strong></span> 
     </span>
     <span class='ocr_line' id='line_1_20' title="bbox 195 2241 1541 2328; baseline -0.001 -17"><span class='ocrx_word' id='word_1_193' title='bbox 195 2268 278 2311; x_wconf 83' lang='lat' dir='ltr'><strong>vero</strong></span> <span class='ocrx_word' id='word_1_194' title='bbox 301 2242 472 2319; x_wconf 88' lang='lat' dir='ltr'><strong>dubitabit,</strong></span> <span class='ocrx_word' id='word_1_195' title='bbox 496 2241 572 2325; x_wconf 90' lang='lat' dir='ltr'><strong>quid</strong></span> <span class='ocrx_word' id='word_1_196' title='bbox 594 2241 656 2306; x_wconf 80' lang='lat' dir='ltr'><strong>sit⁹</strong></span> <span class='ocrx_word' id='word_1_197' title='bbox 670 2253 848 2306; x_wconf 80' lang='lat' dir='ltr'><strong>extremum</strong></span> <span class='ocrx_word' id='word_1_198' title='bbox 871 2257 904 2308; x_wconf 89' lang='lat' dir='ltr'><strong>et</strong></span> <span class='ocrx_word' id='word_1_199' title='bbox 925 2244 1068 2307; x_wconf 89' lang='lat' dir='ltr'><strong>ultimum</strong></span> <span class='ocrx_word' id='word_1_200' title='bbox 1084 2244 1256 2318; x_wconf 88' lang='lat' dir='ltr'><strong>bonorum,</strong></span> <span class='ocrx_word' id='word_1_201' title='bbox 1276 2242 1444 2328; x_wconf 48' lang='lat' dir='ltr'><strong>Querens,</strong></span> <span class='ocrx_word' id='word_1_202' title='bbox 1464 2243 1541 2328; x_wconf 62' lang='lat' dir='ltr'><strong>quo&#39;</strong></span> 
     </span>
     <span class='ocr_line' id='line_1_21' title="bbox 196 2334 1537 2422; baseline -0.003 -16"><span class='ocrx_word' id='word_1_203' title='bbox 196 2340 301 2406; x_wconf 89' lang='lat' dir='ltr'><strong>omnia</strong></span> <span class='ocrx_word' id='word_1_204' title='bbox 323 2338 516 2413; x_wconf 88' lang='lat' dir='ltr'><strong>referantur,</strong></span> <span class='ocrx_word' id='word_1_205' title='bbox 541 2338 595 2420; x_wconf 86' lang='lat' dir='ltr'><strong>qul</strong></span> <span class='ocrx_word' id='word_1_206' title='bbox 618 2334 739 2419; x_wconf 91' lang='lat' dir='ltr'><strong>poterit</strong></span> <span class='ocrx_word' id='word_1_207' title='bbox 761 2360 831 2402; x_wconf 85' lang='lat' dir='ltr'><strong>esse</strong></span> <span class='ocrx_word' id='word_1_208' title='bbox 853 2338 1032 2420; x_wconf 77' lang='lat' dir='ltr'><strong>sapientia?</strong></span> <span class='ocrx_word' id='word_1_209' title='bbox 1057 2340 1168 2422; x_wconf 85' lang='lat' dir='ltr'><strong>Atque</strong></span> <span class='ocrx_word' id='word_1_210' title='bbox 1190 2338 1283 2403; x_wconf 83' lang='lat' dir='ltr'><strong>etiam</strong></span> <span class='ocrx_word' id='word_1_211' title='bbox 1305 2339 1385 2402; x_wconf 88' lang='lat' dir='ltr'><strong>illud</strong></span> <span class='ocrx_word' id='word_1_212' title='bbox 1406 2340 1537 2421; x_wconf 78' lang='lat' dir='ltr'><strong>perspi-</strong></span> 
     </span>
     <span class='ocr_line' id='line_1_22' title="bbox 197 2432 1535 2518; baseline -0.002 -19"><span class='ocrx_word' id='word_1_213' title='bbox 197 2456 289 2500; x_wconf 89' lang='lat' dir='ltr'><strong>cuum</strong></span> <span class='ocrx_word' id='word_1_214' title='bbox 312 2446 378 2510; x_wconf 85' lang='lat' dir='ltr'><strong>est,</strong></span> <span class='ocrx_word' id='word_1_215' title='bbox 414 2432 564 2497; x_wconf 86' lang='lat' dir='ltr'><strong>constitui</strong></span> <span class='ocrx_word' id='word_1_216' title='bbox 586 2452 715 2495; x_wconf 84' lang='lat' dir='ltr'><strong>neccsse</strong></span> <span class='ocrx_word' id='word_1_217' title='bbox 740 2454 810 2496; x_wconf 85' lang='lat' dir='ltr'><strong>esse</strong></span> <span class='ocrx_word' id='word_1_218' title='bbox 831 2432 972 2509; x_wconf 88' lang='lat' dir='ltr'><strong>initium,</strong></span> <span class='ocrx_word' id='word_1_219' title='bbox 1008 2435 1098 2518; x_wconf 87' lang='lat' dir='ltr'><strong>quod</strong></span> <span class='ocrx_word' id='word_1_220' title='bbox 1124 2432 1297 2515; x_wconf 79' lang='lat' dir='ltr'><strong>sapientia,</strong></span> <span class='ocrx_word' id='word_1_221' title='bbox 1333 2455 1431 2512; x_wconf 89' lang='lat' dir='ltr'><strong>quum</strong></span> <span class='ocrx_word' id='word_1_222' title='bbox 1453 2433 1535 2518; x_wconf 88' lang='lat' dir='ltr'><strong>quid</strong></span> 
     </span>
     <span class='ocr_line' id='line_1_23' title="bbox 196 2526 1530 2614; baseline 0.001 -22"><span class='ocrx_word' id='word_1_223' title='bbox 196 2549 294 2614; x_wconf 86' lang='lat' dir='ltr'><strong>agere</strong></span> <span class='ocrx_word' id='word_1_224' title='bbox 322 2527 471 2610; x_wconf 89' lang='lat' dir='ltr'><strong>incipiat,</strong></span> <span class='ocrx_word' id='word_1_225' title='bbox 507 2537 677 2611; x_wconf 81' lang='lat' dir='ltr'><strong>sequatur3</strong></span> <span class='ocrx_word' id='word_1_226' title='bbox 713 2526 808 2610; x_wconf 89' lang='lat' dir='ltr'><strong>idque</strong></span> <span class='ocrx_word' id='word_1_227' title='bbox 836 2527 959 2590; x_wconf 81' lang='lat' dir='ltr'><strong>initium</strong></span> <span class='ocrx_word' id='word_1_228' title='bbox 989 2548 1059 2592; x_wconf 83' lang='lat' dir='ltr'><strong>esse</strong></span> <span class='ocrx_word' id='word_1_229' title='bbox 1088 2537 1219 2591; x_wconf 88' lang='lat' dir='ltr'><strong>naturae</strong></span> <span class='ocrx_word' id='word_1_230' title='bbox 1240 2531 1530 2593; x_wconf 87' lang='lat' dir='ltr'><strong>accommodatum.</strong></span> 
     </span>
    </p>
   </div>
   <div class='ocr_carea' id='block_1_5' title="bbox 195 2616 1642 2708">
    <p class='ocr_par' dir='ltr' id='par_1_6' title="bbox 195 2616 1642 2708">
     <span class='ocr_line' id='line_1_24' title="bbox 195 2616 1642 2708; baseline -0.002 -20"><span class='ocrx_word' id='word_1_231' title='bbox 195 2625 281 2688; x_wconf 80' lang='lat' dir='ltr'><strong>Nam</strong></span> <span class='ocrx_word' id='word_1_232' title='bbox 297 2621 389 2685; x_wconf 88' lang='lat' dir='ltr'><strong>aliter</strong></span> <span class='ocrx_word' id='word_1_233' title='bbox 409 2619 583 2703; x_wconf 87' lang='lat' dir='ltr'><strong>appetitio,</strong></span> <span class='ocrx_word' id='word_1_234' title='bbox 609 2622 691 2700; x_wconf 88' lang='lat' dir='ltr'><strong>(eam</strong></span> <span class='ocrx_word' id='word_1_235' title='bbox 714 2620 796 2684; x_wconf 86' lang='lat' dir='ltr'><strong>enim</strong></span> <span class='ocrx_word' id='word_1_236' title='bbox 819 2627 1058 2687; x_wconf 82' lang='lat' dir='ltr'><strong>essevolumus</strong></span> <span class='ocrx_word' id='word_1_237' title='bbox 1082 2616 1199 2708; x_wconf 75' lang='grc' dir='ltr'>ὁρμήν)</span> <span class='ocrx_word' id='word_1_238' title='bbox 1222 2645 1286 2708; x_wconf 86' lang='lat' dir='ltr'><strong>qua</strong></span> <span class='ocrx_word' id='word_1_239' title='bbox 1309 2624 1350 2686; x_wconf 87' lang='lat' dir='ltr'><strong>ad</strong></span> <span class='ocrx_word' id='word_1_240' title='bbox 1371 2625 1531 2705; x_wconf 85' lang='lat' dir='ltr'><strong>agendum</strong></span> <span class='ocrx_word' id='word_1_241' title='bbox 1641 2656 1642 2659; x_wconf 36' lang='lat'>¹</span> 
     </span>
    </p>
   </div>
   <div class='ocr_carea' id='block_1_6' title="bbox 194 2713 1546 2999">
    <p class='ocr_par' dir='ltr' id='par_1_7' title="bbox 194 2713 1546 2999">
     <span class='ocr_line' id='line_1_25' title="bbox 194 2713 1546 2800; baseline -0.001 -20"><span class='ocrx_word' id='word_1_242' title='bbox 194 2717 397 2798; x_wconf 89' lang='lat' dir='ltr'><strong>impellimur,</strong></span> <span class='ocrx_word' id='word_1_243' title='bbox 415 2727 446 2778; x_wconf 88' lang='lat' dir='ltr'><strong>et</strong></span> <span class='ocrx_word' id='word_1_244' title='bbox 456 2715 489 2777; x_wconf 91' lang='lat' dir='ltr'><strong>id</strong></span> <span class='ocrx_word' id='word_1_245' title='bbox 501 2713 692 2797; x_wconf 84' lang='lat' dir='ltr'><strong>appetimus,</strong></span> <span class='ocrx_word' id='word_1_246' title='bbox 710 2719 798 2800; x_wconf 87' lang='lat' dir='ltr'><strong>qood</strong></span> <span class='ocrx_word' id='word_1_247' title='bbox 809 2727 858 2779; x_wconf 85' lang='lat' dir='ltr'><strong>est</strong></span> <span class='ocrx_word' id='word_1_248' title='bbox 870 2715 985 2793; x_wconf 85' lang='lat' dir='ltr'><strong>visum,</strong></span> <span class='ocrx_word' id='word_1_249' title='bbox 1004 2716 1129 2781; x_wconf 88' lang='lat' dir='ltr'><strong>moveri</strong></span> <span class='ocrx_word' id='word_1_250' title='bbox 1145 2738 1209 2780; x_wconf 92' lang='lat' dir='ltr'><strong>non</strong></span> <span class='ocrx_word' id='word_1_251' title='bbox 1223 2727 1342 2799; x_wconf 85' lang='lat' dir='ltr'><strong>potest.</strong></span> <span class='ocrx_word' id='word_1_252' title='bbox 1373 2717 1427 2779; x_wconf 76' lang='lat'><strong>25.</strong></span> <span class='ocrx_word' id='word_1_253' title='bbox 1444 2716 1546 2779; x_wconf 73' lang='lat' dir='ltr'><strong>Illud&#39;</strong></span> 
     </span>
     <span class='ocr_line' id='line_1_26' title="bbox 195 2809 1532 2896; baseline -0.001 -22"><span class='ocrx_word' id='word_1_254' title='bbox 195 2824 319 2886; x_wconf 91' lang='lat' dir='ltr'><strong>autem,</strong></span> <span class='ocrx_word' id='word_1_255' title='bbox 348 2813 435 2894; x_wconf 91' lang='lat' dir='ltr'><strong>quod</strong></span> <span class='ocrx_word' id='word_1_256' title='bbox 456 2820 586 2885; x_wconf 88' lang='lat' dir='ltr'><strong>movet,</strong></span> <span class='ocrx_word' id='word_1_257' title='bbox 617 2809 706 2891; x_wconf 85' lang='lat' dir='ltr'><strong>prius</strong></span> <span class='ocrx_word' id='word_1_258' title='bbox 730 2822 860 2893; x_wconf 88' lang='lat' dir='ltr'><strong>oportet</strong></span> <span class='ocrx_word' id='word_1_259' title='bbox 882 2812 984 2875; x_wconf 83' lang='lat' dir='ltr'><strong>videri</strong></span> <span class='ocrx_word' id='word_1_260' title='bbox 1006 2811 1098 2896; x_wconf 87' lang='lat' dir='ltr'><strong>eique</strong></span> <span class='ocrx_word' id='word_1_261' title='bbox 1120 2812 1226 2875; x_wconf 81' lang='lat' dir='ltr'><strong>credi:</strong></span> <span class='ocrx_word' id='word_1_262' title='bbox 1261 2814 1349 2894; x_wconf 89' lang='lat' dir='ltr'><strong>quod</strong></span> <span class='ocrx_word' id='word_1_263' title='bbox 1368 2809 1442 2874; x_wconf 86' lang='lat' dir='ltr'><strong>fieri</strong></span> <span class='ocrx_word' id='word_1_264' title='bbox 1463 2831 1532 2872; x_wconf 82' lang='lat' dir='ltr'><strong>non</strong></span> 
     </span>
     <span class='ocr_line' id='line_1_27' title="bbox 194 2903 1531 2999; baseline 0.001 -29"><span class='ocrx_word' id='word_1_265' title='bbox 194 2917 321 2989; x_wconf 86' lang='lat' dir='ltr'><strong>potest,</strong></span> <span class='ocrx_word' id='word_1_266' title='bbox 346 2906 372 2970; x_wconf 83' lang='lat' dir='ltr'><strong>si</strong></span> <span class='ocrx_word' id='word_1_267' title='bbox 386 2905 445 2981; x_wconf 78' lang='lat' dir='ltr'><strong>id,</strong></span> <span class='ocrx_word' id='word_1_268' title='bbox 461 2907 548 2986; x_wconf 87' lang='lat' dir='ltr'><strong>qood</strong></span> <span class='ocrx_word' id='word_1_269' title='bbox 564 2903 667 2981; x_wconf 83' lang='lat' dir='ltr'><strong>visum</strong></span> <span class='ocrx_word' id='word_1_270' title='bbox 682 2903 761 2980; x_wconf 89' lang='lat' dir='ltr'><strong>erit,</strong></span> <span class='ocrx_word' id='word_1_271' title='bbox 787 2906 923 2971; x_wconf 81' lang='lat' dir='ltr'><strong>discerni</strong></span> <span class='ocrx_word' id='word_1_272' title='bbox 938 2928 1002 2971; x_wconf 90' lang='lat' dir='ltr'><strong>non</strong></span> <span class='ocrx_word' id='word_1_273' title='bbox 1021 2905 1175 2999; x_wconf 82' lang='lat' dir='ltr'><strong>poterita</strong></span> <span class='ocrx_word' id='word_1_274' title='bbox 1196 2905 1293 2971; x_wconf 86' lang='lat' dir='ltr'><strong>falso.</strong></span> <span class='ocrx_word' id='word_1_275' title='bbox 1338 2905 1414 2985; x_wconf 81' lang='lat' dir='ltr'><strong>Quo</strong></span> <span class='ocrx_word' id='word_1_276' title='bbox 1431 2906 1531 2971; x_wconf 84' lang='lat' dir='ltr'><strong>modo</strong></span> 
     </span>
    </p>
   </div>
   <div class='ocr_carea' id='block_1_7' title="bbox 83 2997 1531 3084">
    <p class='ocr_par' dir='ltr' id='par_1_8' title="bbox 83 2997 1531 3084">
     <span class='ocr_line' id='line_1_28' title="bbox 83 2997 1531 3084; baseline 0 -22"><span class='ocrx_word' id='word_1_277' title='bbox 83 3080 85 3084; x_wconf 67' lang='lat'><strong>,</strong></span> <span class='ocrx_word' id='word_1_278' title='bbox 195 3012 300 3068; x_wconf 87' lang='lat' dir='ltr'><strong>antem</strong></span> <span class='ocrx_word' id='word_1_279' title='bbox 321 2998 448 3063; x_wconf 84' lang='lat' dir='ltr'><strong>moveri</strong></span> <span class='ocrx_word' id='word_1_280' title='bbox 469 2997 590 3061; x_wconf 87' lang='lat' dir='ltr'><strong>animos</strong></span> <span class='ocrx_word' id='word_1_281' title='bbox 613 3001 652 3060; x_wconf 91' lang='lat' dir='ltr'><strong>ad</strong></span> <span class='ocrx_word' id='word_1_282' title='bbox 674 3003 886 3081; x_wconf 88' lang='lat' dir='ltr'><strong>appetendum</strong></span> <span class='ocrx_word' id='word_1_283' title='bbox 908 3012 1035 3083; x_wconf 86' lang='lat' dir='ltr'><strong>potest,</strong></span> <span class='ocrx_word' id='word_1_284' title='bbox 1059 3000 1087 3064; x_wconf 85' lang='lat' dir='ltr'><strong>si</strong></span> <span class='ocrx_word' id='word_1_285' title='bbox 1108 2999 1272 3084; x_wconf 60' lang='lat' dir='ltr'><strong>immod</strong></span> <span class='ocrx_word' id='word_1_286' title='bbox 1291 2999 1438 3074; x_wconf 85' lang='lat' dir='ltr'><strong>videtur,</strong></span> <span class='ocrx_word' id='word_1_287' title='bbox 1462 3020 1531 3062; x_wconf 84' lang='lat' dir='ltr'><strong>noo</strong></span> 
     </span>
    </p>
   </div>
   <div class='ocr_carea' id='block_1_8' title="bbox 193 3092 1535 3649">
    <p class='ocr_par' dir='ltr' id='par_1_9' title="bbox 193 3092 1535 3649">
     <span class='ocr_line' id='line_1_29' title="bbox 194 3092 1535 3183; baseline -0.001 -27"><span class='ocrx_word' id='word_1_288' title='bbox 194 3092 374 3176; x_wconf 81' lang='lat' dir='ltr'><strong>percipitur</strong></span> <span class='ocrx_word' id='word_1_289' title='bbox 383 3094 419 3168; x_wconf 83' lang='lat'><strong>¹⁰,</strong></span> <span class='ocrx_word' id='word_1_290' title='bbox 455 3096 769 3158; x_wconf 87' lang='lat' dir='ltr'><strong>accommodatumne</strong></span> <span class='ocrx_word' id='word_1_291' title='bbox 793 3107 922 3159; x_wconf 87' lang='lat' dir='ltr'><strong>naturae</strong></span> <span class='ocrx_word' id='word_1_292' title='bbox 944 3095 1004 3172; x_wconf 81' lang='lat' dir='ltr'><strong>ait,</strong></span> <span class='ocrx_word' id='word_1_293' title='bbox 1041 3116 1080 3157; x_wconf 87' lang='lat' dir='ltr'><strong>an</strong></span> <span class='ocrx_word' id='word_1_294' title='bbox 1102 3093 1274 3159; x_wconf 69' lang='lat' dir='ltr'><strong>alienum?¹</strong></span> <span class='ocrx_word' id='word_1_295' title='bbox 1298 3094 1461 3178; x_wconf 88' lang='lat' dir='ltr'><strong>Itemque,</strong></span> <span class='ocrx_word' id='word_1_296' title='bbox 1486 3093 1535 3183; x_wconf 71' lang='lat' dir='ltr'><strong>si,</strong></span> 
     </span>
     <span class='ocr_line' id='line_1_30' title="bbox 195 3185 1531 3274; baseline 0.001 -25"><span class='ocrx_word' id='word_1_297' title='bbox 195 3185 271 3270; x_wconf 88' lang='lat' dir='ltr'><strong>quid</strong></span> <span class='ocrx_word' id='word_1_298' title='bbox 282 3189 304 3225; x_wconf 81' lang='lat'><strong>¹¹</strong></span> <span class='ocrx_word' id='word_1_299' title='bbox 315 3185 411 3249; x_wconf 90' lang='lat' dir='ltr'><strong>officii</strong></span> <span class='ocrx_word' id='word_1_300' title='bbox 419 3185 468 3249; x_wconf 89' lang='lat' dir='ltr'><strong>sui</strong></span> <span class='ocrx_word' id='word_1_301' title='bbox 475 3185 527 3261; x_wconf 86' lang='lat' dir='ltr'><strong>sit,</strong></span> <span class='ocrx_word' id='word_1_302' title='bbox 539 3208 602 3251; x_wconf 92' lang='lat' dir='ltr'><strong>non</strong></span> <span class='ocrx_word' id='word_1_303' title='bbox 612 3188 754 3252; x_wconf 87' lang='lat' dir='ltr'><strong>occurrit</strong></span> <span class='ocrx_word' id='word_1_304' title='bbox 762 3189 881 3265; x_wconf 87' lang='lat' dir='ltr'><strong>animo,</strong></span> <span class='ocrx_word' id='word_1_305' title='bbox 896 3189 974 3253; x_wconf 89' lang='lat' dir='ltr'><strong>nihil</strong></span> <span class='ocrx_word' id='word_1_306' title='bbox 982 3206 1118 3274; x_wconf 84' lang='lat' dir='ltr'><strong>unquam</strong></span> <span class='ocrx_word' id='word_1_307' title='bbox 1127 3187 1256 3253; x_wconf 89' lang='lat' dir='ltr'><strong>omnino</strong></span> <span class='ocrx_word' id='word_1_308' title='bbox 1265 3199 1352 3272; x_wconf 80' lang='lat' dir='ltr'><strong>aget,</strong></span> <span class='ocrx_word' id='word_1_309' title='bbox 1363 3187 1531 3251; x_wconf 81' lang='lat' dir='ltr'><strong>adnottam</strong></span> 
     </span>
     <span class='ocr_line' id='line_1_31' title="bbox 194 3279 1530 3368; baseline -0.001 -23"><span class='ocrx_word' id='word_1_310' title='bbox 194 3301 263 3344; x_wconf 88' lang='lat' dir='ltr'><strong>rem</strong></span> <span class='ocrx_word' id='word_1_311' title='bbox 270 3301 408 3364; x_wconf 88' lang='lat' dir='ltr'><strong>unquam</strong></span> <span class='ocrx_word' id='word_1_312' title='bbox 416 3281 609 3362; x_wconf 85' lang='lat' dir='ltr'><strong>impelletur,</strong></span> <span class='ocrx_word' id='word_1_313' title='bbox 620 3303 780 3365; x_wconf 88' lang='lat' dir='ltr'><strong>nonquam</strong></span> <span class='ocrx_word' id='word_1_314' title='bbox 787 3279 981 3347; x_wconf 76' lang='lat' dir='ltr'><strong>movebitur.</strong></span> <span class='ocrx_word' id='word_1_315' title='bbox 996 3285 1093 3365; x_wconf 83' lang='lat' dir='ltr'><strong>Quod</strong></span> <span class='ocrx_word' id='word_1_316' title='bbox 1101 3282 1128 3347; x_wconf 90' lang='lat' dir='ltr'><strong>si</strong></span> <span class='ocrx_word' id='word_1_317' title='bbox 1135 3282 1254 3368; x_wconf 87' lang='lat' dir='ltr'><strong>aliquid</strong></span> <span class='ocrx_word' id='word_1_318' title='bbox 1263 3282 1431 3364; x_wconf 87' lang='lat' dir='ltr'><strong>aliquando</strong></span> <span class='ocrx_word' id='word_1_319' title='bbox 1439 3294 1530 3345; x_wconf 88' lang='lat' dir='ltr'><strong>aetu-</strong></span> 
     </span>
     <span class='ocr_line' id='line_1_32' title="bbox 193 3374 1531 3462; baseline 0.001 -23"><span class='ocrx_word' id='word_1_320' title='bbox 193 3387 316 3450; x_wconf 80' lang='lat' dir='ltr'><strong>rirsest,</strong></span> <span class='ocrx_word' id='word_1_321' title='bbox 336 3396 464 3438; x_wconf 86' lang='lat' dir='ltr'><strong>necesse</strong></span> <span class='ocrx_word' id='word_1_322' title='bbox 473 3387 520 3440; x_wconf 85' lang='lat' dir='ltr'><strong>est</strong></span> <span class='ocrx_word' id='word_1_323' title='bbox 529 3375 597 3439; x_wconf 86' lang='lat' dir='ltr'><strong>idei</strong></span> <span class='ocrx_word' id='word_1_324' title='bbox 605 3398 728 3453; x_wconf 80' lang='lat' dir='ltr'><strong>veriam,</strong></span> <span class='ocrx_word' id='word_1_325' title='bbox 746 3380 834 3462; x_wconf 86' lang='lat' dir='ltr'><strong>quod</strong></span> <span class='ocrx_word' id='word_1_326' title='bbox 846 3378 999 3454; x_wconf 85' lang='lat' dir='ltr'><strong>occurrit,</strong></span> <span class='ocrx_word' id='word_1_327' title='bbox 1017 3376 1133 3441; x_wconf 84' lang='lat' dir='ltr'><strong>videri.</strong></span> <span class='ocrx_word' id='word_1_328' title='bbox 1172 3377 1227 3440; x_wconf 77' lang='lat'><strong>26.</strong></span> <span class='ocrx_word' id='word_1_329' title='bbox 1251 3375 1361 3457; x_wconf 83' lang='lat' dir='ltr'><strong>Quid?</strong></span> <span class='ocrx_word' id='word_1_330' title='bbox 1384 3377 1483 3459; x_wconf 86' lang='lat' dir='ltr'><strong>quod,</strong></span> <span class='ocrx_word' id='word_1_331' title='bbox 1501 3374 1531 3441; x_wconf 82' lang='lat' dir='ltr'><strong>si</strong></span> 
     </span>
     <span class='ocr_line' id='line_1_33' title="bbox 194 3468 1530 3557; baseline -0.001 -24"><span class='ocrx_word' id='word_1_332' title='bbox 194 3468 255 3533; x_wconf 84' lang='lat' dir='ltr'><strong>iata</strong></span> <span class='ocrx_word' id='word_1_333' title='bbox 267 3471 293 3509; x_wconf 82' lang='lat'><strong>¹²</strong></span> <span class='ocrx_word' id='word_1_334' title='bbox 316 3491 392 3535; x_wconf 86' lang='lat' dir='ltr'><strong>vera</strong></span> <span class='ocrx_word' id='word_1_335' title='bbox 415 3482 506 3547; x_wconf 85' lang='lat' dir='ltr'><strong>sunt,</strong></span> <span class='ocrx_word' id='word_1_336' title='bbox 542 3470 752 3541; x_wconf 76' lang='lat' dir='ltr'><strong>ratioomnis</strong></span> <span class='ocrx_word' id='word_1_337' title='bbox 774 3471 917 3547; x_wconf 88' lang='lat' dir='ltr'><strong>tollitur,</strong></span> <span class='ocrx_word' id='word_1_338' title='bbox 952 3471 1043 3554; x_wconf 88' lang='lat' dir='ltr'><strong>quasi</strong></span> <span class='ocrx_word' id='word_1_339' title='bbox 1057 3470 1219 3557; x_wconf 78' lang='lat' dir='ltr'><strong>&#39;quaedam</strong></span> <span class='ocrx_word' id='word_1_340' title='bbox 1242 3471 1299 3533; x_wconf 84' lang='lat' dir='ltr'><strong>lox</strong></span> <span class='ocrx_word' id='word_1_341' title='bbox 1319 3471 1489 3554; x_wconf 82' lang='lat' dir='ltr'><strong>lumenque</strong></span> <span class='ocrx_word' id='word_1_342' title='bbox 1502 3470 1530 3509; x_wconf 79' lang='lat'><strong>¹³</strong></span> 
     </span>
     <span class='ocr_line' id='line_1_34' title="bbox 194 3562 1530 3649; baseline 0 -23"><span class='ocrx_word' id='word_1_343' title='bbox 194 3564 299 3638; x_wconf 77' lang='lat' dir='ltr'><strong>uitae3</strong></span> <span class='ocrx_word' id='word_1_344' title='bbox 332 3575 478 3631; x_wconf 87' lang='lat' dir='ltr'><strong>tamenne</strong></span> <span class='ocrx_word' id='word_1_345' title='bbox 504 3565 540 3628; x_wconf 89' lang='lat' dir='ltr'><strong>in</strong></span> <span class='ocrx_word' id='word_1_346' title='bbox 569 3566 630 3631; x_wconf 87' lang='lat' dir='ltr'><strong>ista</strong></span> <span class='ocrx_word' id='word_1_347' title='bbox 659 3565 818 3649; x_wconf 86' lang='lat' dir='ltr'><strong>pravitate</strong></span> <span class='ocrx_word' id='word_1_348' title='bbox 846 3565 1054 3649; x_wconf 80' lang='lat' dir='ltr'><strong>perstabitis?</strong></span> <span class='ocrx_word' id='word_1_349' title='bbox 1098 3567 1179 3632; x_wconf 85' lang='lat' dir='ltr'><strong>Nam</strong></span> <span class='ocrx_word' id='word_1_350' title='bbox 1209 3564 1385 3649; x_wconf 87' lang='lat' dir='ltr'><strong>quaerendi</strong></span> <span class='ocrx_word' id='word_1_351' title='bbox 1405 3562 1530 3627; x_wconf 87' lang='lat' dir='ltr'><strong>initium</strong></span> 
     </span>
    </p>
   </div>
   <div class='ocr_carea' id='block_1_9' title="bbox 272 3846 1531 3944">
    <p class='ocr_par' dir='ltr' id='par_1_10' title="bbox 272 3846 1531 3944">
     <span class='ocr_line' id='line_1_35' title="bbox 272 3846 1531 3944; baseline 0 -22"><span class='ocrx_word' id='word_1_352' title='bbox 272 3871 310 3937; x_wconf 88' lang='lat'><strong>(¹)</strong></span> <span class='ocrx_word' id='word_1_353' title='bbox 331 3868 379 3925; x_wconf 81' lang='lat' dir='ltr'><strong>stc</strong></span> <span class='ocrx_word' id='word_1_354' title='bbox 398 3889 413 3922; x_wconf 88' lang='lat' dir='ltr'><strong>e</strong></span> <span class='ocrx_word' id='word_1_355' title='bbox 433 3886 497 3922; x_wconf 83' lang='lat' dir='ltr'><strong>uera</strong></span> <span class='ocrx_word' id='word_1_356' title='bbox 516 3883 544 3923; x_wconf 81' lang='lat' dir='ltr'><strong>at</strong></span> <span class='ocrx_word' id='word_1_357' title='bbox 564 3846 684 3923; x_wconf 77' lang='lat' dir='ltr'><strong>naturali</strong></span> <span class='ocrx_word' id='word_1_358' title='bbox 705 3870 857 3925; x_wconf 77' lang='lat' dir='ltr'><strong>Latinitate</strong></span> <span class='ocrx_word' id='word_1_359' title='bbox 878 3869 948 3926; x_wconf 84' lang='lat' dir='ltr'><strong>Cdd.</strong></span> <span class='ocrx_word' id='word_1_360' title='bbox 968 3870 1033 3944; x_wconf 82' lang='lat' dir='ltr'><strong>aliq.</strong></span> <span class='ocrx_word' id='word_1_361' title='bbox 1052 3871 1088 3925; x_wconf 85' lang='lat' dir='ltr'><strong>II.</strong></span> <span class='ocrx_word' id='word_1_362' title='bbox 1101 3871 1134 3924; x_wconf 88' lang='lat' dir='ltr'><strong>V.</strong></span> <span class='ocrx_word' id='word_1_363' title='bbox 1152 3871 1187 3924; x_wconf 89' lang='lat' dir='ltr'><strong>D.</strong></span> <span class='ocrx_word' id='word_1_364' title='bbox 1207 3897 1245 3912; x_wconf 92' lang='lat'><strong>·-</strong></span> <span class='ocrx_word' id='word_1_365' title='bbox 1265 3885 1322 3924; x_wconf 85' lang='lat' dir='ltr'><strong>om.</strong></span> <span class='ocrx_word' id='word_1_366' title='bbox 1341 3887 1444 3941; x_wconf 77' lang='lat' dir='ltr'><strong>qnoque</strong></span> <span class='ocrx_word' id='word_1_367' title='bbox 1463 3886 1531 3941; x_wconf 84' lang='lat' dir='ltr'><strong>pro·</strong></span> 
     </span>
    </p>
   </div>
   <div class='ocr_carea' id='block_1_10' title="bbox 1642 2780 1645 3418">
    <p class='ocr_par' dir='ltr' id='par_1_11' title="bbox 1642 2780 1645 3418">
     <span class='ocr_line' id='line_1_36' title="bbox 1642 2780 1645 3418; baseline 0 0"><span class='ocrx_word' id='word_1_368' title='bbox 1642 2780 1645 3418; x_wconf 95' lang='lat' dir='ltr'><strong> </strong></span> 
     </span>
    </p>
   </div>
   <div class='ocr_carea' id='block_1_11' title="bbox 193 3943 1638 4020">
    <p class='ocr_par' dir='ltr' id='par_1_12' title="bbox 193 3943 1638 4020">
     <span class='ocr_line' id='line_1_37' title="bbox 193 3943 1638 4020; baseline -0.002 -21"><span class='ocrx_word' id='word_1_369' title='bbox 193 3961 256 4020; x_wconf 83' lang='lat' dir='ltr'><strong>pter</strong></span> <span class='ocrx_word' id='word_1_370' title='bbox 274 3944 443 4018; x_wconf 85' lang='lat' dir='ltr'><strong>compendia</strong></span> <span class='ocrx_word' id='word_1_371' title='bbox 462 3950 616 4017; x_wconf 76' lang='lat' dir='ltr'><strong>scripturae</strong></span> <span class='ocrx_word' id='word_1_372' title='bbox 636 3946 706 4000; x_wconf 86' lang='lat' dir='ltr'><strong>Cdd.</strong></span> <span class='ocrx_word' id='word_1_373' title='bbox 727 3947 791 4019; x_wconf 87' lang='lat' dir='ltr'><strong>aliq.</strong></span> <span class='ocrx_word' id='word_1_374' title='bbox 811 3948 845 4002; x_wconf 87' lang='lat' dir='ltr'><strong>B.</strong></span> <span class='ocrx_word' id='word_1_375' title='bbox 865 3946 901 4002; x_wconf 85' lang='lat' dir='ltr'><strong>G.</strong></span> <span class='ocrx_word' id='word_1_376' title='bbox 922 3954 948 4002; x_wconf 84' lang='lat'><strong>2.</strong></span> <span class='ocrx_word' id='word_1_377' title='bbox 975 3946 1026 4017; x_wconf 81' lang='lat' dir='ltr'><strong>(ln</strong></span> <span class='ocrx_word' id='word_1_378' title='bbox 1048 3965 1103 4019; x_wconf 90' lang='lat' dir='ltr'><strong>quo</strong></span> <span class='ocrx_word' id='word_1_379' title='bbox 1123 3944 1264 4019; x_wconf 76' lang='lat' dir='ltr'><strong>singulare</strong></span> <span class='ocrx_word' id='word_1_380' title='bbox 1283 3943 1422 4017; x_wconf 85' lang='lat' dir='ltr'><strong>quoddam</strong></span> <span class='ocrx_word' id='word_1_381' title='bbox 1443 3944 1531 3997; x_wconf 82' lang='lat' dir='ltr'><strong>artifi-</strong></span> <span class='ocrx_word' id='word_1_382' title='bbox 1637 3966 1638 3975; x_wconf 51' lang='lat'>¹</span> 
     </span>
    </p>
   </div>
   <div class='ocr_carea' id='block_1_12' title="bbox 131 4018 1531 4247">
    <p class='ocr_par' dir='ltr' id='par_1_13' title="bbox 131 4018 1531 4247">
     <span class='ocr_line' id='line_1_38' title="bbox 131 4018 1531 4096; baseline -0.001 -20"><span class='ocrx_word' id='word_1_383' title='bbox 131 4090 134 4096; x_wconf 69' lang='lat'>‚</span> <span class='ocrx_word' id='word_1_384' title='bbox 194 4027 271 4076; x_wconf 86' lang='lat' dir='ltr'><strong>cium</strong></span> <span class='ocrx_word' id='word_1_385' title='bbox 291 4026 483 4094; x_wconf 68' lang='lat' dir='ltr'><strong>quaesitorum</strong></span> <span class='ocrx_word' id='word_1_386' title='bbox 504 4021 691 4085; x_wconf 73' lang='lat' dir='ltr'><strong>Grammatiel</strong></span> <span class='ocrx_word' id='word_1_387' title='bbox 707 4021 825 4096; x_wconf 77' lang='lat' dir='ltr'><strong>nostrl.)</strong></span> <span class='ocrx_word' id='word_1_388' title='bbox 851 4052 892 4067; x_wconf 83' lang='lat'><em>-</em></span> <span class='ocrx_word' id='word_1_389' title='bbox 910 4023 1064 4076; x_wconf 75' lang='lat' dir='ltr'><strong>sedetiam</strong></span> <span class='ocrx_word' id='word_1_390' title='bbox 1082 4024 1155 4078; x_wconf 75' lang='lat' dir='ltr'><strong>stab.</strong></span> <span class='ocrx_word' id='word_1_391' title='bbox 1175 4030 1258 4094; x_wconf 79' lang='lat' dir='ltr'><strong>atque</strong></span> <span class='ocrx_word' id='word_1_392' title='bbox 1276 4026 1353 4077; x_wconf 78' lang='lat' dir='ltr'><strong>imm.</strong></span> <span class='ocrx_word' id='word_1_393' title='bbox 1372 4021 1415 4075; x_wconf 87' lang='lat' dir='ltr'><strong>M.</strong></span> <span class='ocrx_word' id='word_1_394' title='bbox 1434 4020 1466 4073; x_wconf 90' lang='lat' dir='ltr'><strong>L.</strong></span> <span class='ocrx_word' id='word_1_395' title='bbox 1487 4018 1531 4088; x_wconf 64' lang='lat' dir='ltr'><strong>G„</strong></span> 
     </span>
     <span class='ocr_line' id='line_1_39' title="bbox 193 4094 1530 4171; baseline 0 -21"><span class='ocrx_word' id='word_1_396' title='bbox 193 4112 272 4171; x_wconf 84' lang='lat' dir='ltr'><strong>puto,</strong></span> <span class='ocrx_word' id='word_1_397' title='bbox 291 4102 377 4151; x_wconf 80' lang='lat' dir='ltr'><strong>nimis</strong></span> <span class='ocrx_word' id='word_1_398' title='bbox 398 4112 537 4151; x_wconf 87' lang='lat' dir='ltr'><strong>accurate.</strong></span> <span class='ocrx_word' id='word_1_399' title='bbox 576 4098 650 4151; x_wconf 85' lang='lat' dir='ltr'><strong>Hinc</strong></span> <span class='ocrx_word' id='word_1_400' title='bbox 669 4116 742 4153; x_wconf 87' lang='lat' dir='ltr'><strong>novo</strong></span> <span class='ocrx_word' id='word_1_401' title='bbox 765 4117 872 4152; x_wconf 87' lang='lat' dir='ltr'><strong>errore:</strong></span> <span class='ocrx_word' id='word_1_402' title='bbox 892 4099 943 4150; x_wconf 83' lang='lat' dir='ltr'><strong>sed</strong></span> <span class='ocrx_word' id='word_1_403' title='bbox 960 4098 1032 4152; x_wconf 80' lang='lat' dir='ltr'><strong>stab.</strong></span> <span class='ocrx_word' id='word_1_404' title='bbox 1052 4117 1156 4171; x_wconf 80' lang='lat' dir='ltr'><strong>quoque</strong></span> <span class='ocrx_word' id='word_1_405' title='bbox 1175 4107 1257 4169; x_wconf 72' lang='lat' dir='ltr'><strong>atque</strong></span> <span class='ocrx_word' id='word_1_406' title='bbox 1276 4102 1352 4151; x_wconf 84' lang='lat' dir='ltr'><strong>imm.</strong></span> <span class='ocrx_word' id='word_1_407' title='bbox 1371 4094 1423 4149; x_wconf 84' lang='lat' dir='ltr'><strong>Ed.</strong></span> <span class='ocrx_word' id='word_1_408' title='bbox 1444 4100 1530 4156; x_wconf 74' lang='lat'><strong>1584.</strong></span> 
     </span>
     <span class='ocr_line' id='line_1_40' title="bbox 194 4172 1530 4247; baseline -0.005 -16"><span class='ocrx_word' id='word_1_409' title='bbox 194 4173 276 4231; x_wconf 84' lang='lat' dir='ltr'><strong>Grnt.</strong></span> <span class='ocrx_word' id='word_1_410' title='bbox 297 4174 365 4226; x_wconf 88' lang='lat' dir='ltr'><strong>Em.</strong></span> <span class='ocrx_word' id='word_1_411' title='bbox 385 4181 411 4230; x_wconf 98' lang='grc'><strong>1.</strong></span> <span class='ocrx_word' id='word_1_412' title='bbox 450 4173 565 4224; x_wconf 81' lang='lat' dir='ltr'><strong>Timaei&#39;</strong></span> <span class='ocrx_word' id='word_1_413' title='bbox 579 4179 606 4234; x_wconf 76' lang='lat'><strong>5.</strong></span> <span class='ocrx_word' id='word_1_414' title='bbox 626 4173 704 4229; x_wconf 80' lang='lat' dir='ltr'><strong>locus</strong></span> <span class='ocrx_word' id='word_1_415' title='bbox 725 4173 754 4228; x_wconf 87' lang='lat' dir='ltr'><strong>id</strong></span> <span class='ocrx_word' id='word_1_416' title='bbox 774 4175 865 4229; x_wconf 76' lang='lat' dir='ltr'><strong>colum</strong></span> <span class='ocrx_word' id='word_1_417' title='bbox 884 4173 999 4247; x_wconf 87' lang='lat' dir='ltr'><strong>prohat,</strong></span> <span class='ocrx_word' id='word_1_418' title='bbox 1021 4174 1146 4228; x_wconf 81' lang='lat' dir='ltr'><strong>Tullium</strong></span> <span class='ocrx_word' id='word_1_419' title='bbox 1166 4172 1234 4227; x_wconf 83' lang='lat' dir='ltr'><strong>allhi</strong></span> <span class='ocrx_word' id='word_1_420' title='bbox 1253 4189 1361 4244; x_wconf 89' lang='lat' dir='ltr'><strong>quoque</strong></span> <span class='ocrx_word' id='word_1_421' title='bbox 1381 4174 1530 4244; x_wconf 81' lang='lat' dir='ltr'><strong>cortpeirae</strong></span> 
     </span>
    </p>
   </div>
   <div class='ocr_carea' id='block_1_13' title="bbox 87 4245 1531 4322">
    <p class='ocr_par' dir='ltr' id='par_1_14' title="bbox 87 4245 1531 4322">
     <span class='ocr_line' id='line_1_41' title="bbox 87 4245 1531 4322; baseline 0.001 -22"><span class='ocrx_word' id='word_1_422' title='bbox 87 4245 90 4249; x_wconf 65' lang='grc'><em>’</em></span> <span class='ocrx_word' id='word_1_423' title='bbox 192 4250 290 4313; x_wconf 70' lang='lat' dir='ltr'><strong>stabili</strong></span> <span class='ocrx_word' id='word_1_424' title='bbox 314 4258 342 4299; x_wconf 83' lang='lat' dir='ltr'><strong>et</strong></span> <span class='ocrx_word' id='word_1_425' title='bbox 367 4248 551 4308; x_wconf 80' lang='lat' dir='ltr'><strong>immutabili;</strong></span> <span class='ocrx_word' id='word_1_426' title='bbox 581 4267 765 4321; x_wconf 80' lang='lat' dir='ltr'><strong>nequaqnam¹</strong></span> <span class='ocrx_word' id='word_1_427' title='bbox 781 4267 847 4305; x_wconf 85' lang='lat' dir='ltr'><strong>vero</strong></span> <span class='ocrx_word' id='word_1_428' title='bbox 873 4267 930 4305; x_wconf 84' lang='lat' dir='ltr'><strong>om.</strong></span> <span class='ocrx_word' id='word_1_429' title='bbox 951 4267 1012 4307; x_wconf 80' lang='lat' dir='ltr'><strong>eoae</strong></span> <span class='ocrx_word' id='word_1_430' title='bbox 1034 4269 1059 4305; x_wconf 88' lang='lat' dir='ltr'><strong>v.</strong></span> <span class='ocrx_word' id='word_1_431' title='bbox 1078 4269 1190 4322; x_wconf 78' lang='lat' dir='ltr'><strong>quoque.</strong></span> <span class='ocrx_word' id='word_1_432' title='bbox 1239 4248 1277 4314; x_wconf 78' lang='lat'><strong>(²)</strong></span> <span class='ocrx_word' id='word_1_433' title='bbox 1306 4248 1355 4301; x_wconf 88' lang='lat' dir='ltr'><strong>Sie</strong></span> <span class='ocrx_word' id='word_1_434' title='bbox 1375 4248 1416 4301; x_wconf 88' lang='lat' dir='ltr'><strong>M.</strong></span> <span class='ocrx_word' id='word_1_435' title='bbox 1436 4248 1474 4300; x_wconf 77' lang='lat' dir='ltr'><strong>L:</strong></span> <span class='ocrx_word' id='word_1_436' title='bbox 1490 4247 1531 4302; x_wconf 89' lang='lat' dir='ltr'><strong>G.</strong></span> 
     </span>
    </p>
   </div>
   <div class='ocr_carea' id='block_1_14' title="bbox 188 4322 1570 5115">
    <p class='ocr_par' dir='ltr' id='par_1_15' title="bbox 188 4322 1570 5115">
     <span class='ocr_line' id='line_1_42' title="bbox 192 4322 1532 4397; baseline -0.003 -17"><span class='ocrx_word' id='word_1_437' title='bbox 192 4341 232 4380; x_wconf 74' lang='grc' dir='ltr'>ω</span> <span class='ocrx_word' id='word_1_438' title='bbox 250 4333 279 4379; x_wconf 82' lang='lat' dir='ltr'><strong>et</strong></span> <span class='ocrx_word' id='word_1_439' title='bbox 298 4324 401 4379; x_wconf 79' lang='lat' dir='ltr'><strong>Ceteri.</strong></span> <span class='ocrx_word' id='word_1_440' title='bbox 440 4323 477 4392; x_wconf 81' lang='lat'><strong>(³)</strong></span> <span class='ocrx_word' id='word_1_441' title='bbox 497 4352 535 4365; x_wconf 93' lang='lat'><em>-</em></span> <span class='ocrx_word' id='word_1_442' title='bbox 550 4323 681 4397; x_wconf 76' lang='lat' dir='ltr'><strong>petferrt</strong></span> <span class='ocrx_word' id='word_1_443' title='bbox 699 4326 783 4382; x_wconf 84' lang='lat' dir='ltr'><strong>Grnt.</strong></span> <span class='ocrx_word' id='word_1_444' title='bbox 802 4326 877 4389; x_wconf 75' lang='lat' dir='ltr'><strong>colna</strong></span> <span class='ocrx_word' id='word_1_445' title='bbox 897 4343 930 4379; x_wconf 83' lang='lat' dir='ltr'><strong>ex</strong></span> <span class='ocrx_word' id='word_1_446' title='bbox 948 4330 1029 4381; x_wconf 82' lang='lat' dir='ltr'><strong>meir.</strong></span> <span class='ocrx_word' id='word_1_447' title='bbox 1067 4326 1103 4393; x_wconf 73' lang='lat'><strong>(¹⁴)</strong></span> <span class='ocrx_word' id='word_1_448' title='bbox 1124 4327 1173 4380; x_wconf 84' lang='lat' dir='ltr'><strong>Sic</strong></span> <span class='ocrx_word' id='word_1_449' title='bbox 1188 4344 1204 4381; x_wconf 85' lang='lat' dir='ltr'><strong>e</strong></span> <span class='ocrx_word' id='word_1_450' title='bbox 1218 4322 1288 4377; x_wconf 83' lang='lat' dir='ltr'><strong>edd.</strong></span> <span class='ocrx_word' id='word_1_451' title='bbox 1301 4323 1333 4376; x_wconf 90' lang='lat' dir='ltr'><strong>L.</strong></span> <span class='ocrx_word' id='word_1_452' title='bbox 1347 4328 1378 4377; x_wconf 83' lang='lat' dir='ltr'><strong>in</strong></span> <span class='ocrx_word' id='word_1_453' title='bbox 1391 4339 1429 4377; x_wconf 89' lang='lat' dir='ltr'><strong>m.</strong></span> <span class='ocrx_word' id='word_1_454' title='bbox 1446 4325 1532 4382; x_wconf 72' lang='lat'><strong>1584.</strong></span> 
     </span>
     <span class='ocr_line' id='line_1_43' title="bbox 192 4398 1533 4470; baseline -0.002 -16"><span class='ocrx_word' id='word_1_455' title='bbox 192 4401 229 4455; x_wconf 90' lang='lat' dir='ltr'><strong>D.</strong></span> <span class='ocrx_word' id='word_1_456' title='bbox 250 4400 286 4455; x_wconf 91' lang='lat' dir='ltr'><strong>G.</strong></span> <span class='ocrx_word' id='word_1_457' title='bbox 307 4407 334 4461; x_wconf 85' lang='lat'><strong>2.</strong></span> <span class='ocrx_word' id='word_1_458' title='bbox 353 4429 392 4444; x_wconf 84' lang='lat'><strong>·-·</strong></span> <span class='ocrx_word' id='word_1_459' title='bbox 411 4407 462 4452; x_wconf 82' lang='lat' dir='ltr'><strong>ant</strong></span> <span class='ocrx_word' id='word_1_460' title='bbox 480 4400 515 4453; x_wconf 83' lang='lat' dir='ltr'><strong>II.</strong></span> <span class='ocrx_word' id='word_1_461' title='bbox 535 4399 568 4454; x_wconf 87' lang='lat' dir='ltr'><strong>V.</strong></span> <span class='ocrx_word' id='word_1_462' title='bbox 588 4400 631 4454; x_wconf 87' lang='lat' dir='ltr'><strong>M.</strong></span> <span class='ocrx_word' id='word_1_463' title='bbox 651 4401 682 4455; x_wconf 93' lang='lat' dir='ltr'><strong>L.</strong></span> <span class='ocrx_word' id='word_1_464' title='bbox 704 4404 786 4461; x_wconf 83' lang='lat'><strong>1566.</strong></span> <span class='ocrx_word' id='word_1_465' title='bbox 808 4409 834 4460; x_wconf 86' lang='lat'><strong>1.</strong></span> <span class='ocrx_word' id='word_1_466' title='bbox 879 4399 917 4468; x_wconf 77' lang='lat'><strong>(⁵)</strong></span> <span class='ocrx_word' id='word_1_467' title='bbox 943 4431 981 4445; x_wconf 88' lang='lat'><em>-</em></span> <span class='ocrx_word' id='word_1_468' title='bbox 1000 4417 1056 4470; x_wconf 82' lang='lat' dir='ltr'><strong>om.</strong></span> <span class='ocrx_word' id='word_1_469' title='bbox 1077 4407 1089 4453; x_wconf 83' lang='lat' dir='ltr'><strong>t</strong></span> <span class='ocrx_word' id='word_1_470' title='bbox 1121 4411 1169 4453; x_wconf 82' lang='lat' dir='ltr'><strong>tur</strong></span> <span class='ocrx_word' id='word_1_471' title='bbox 1187 4401 1220 4454; x_wconf 91' lang='lat' dir='ltr'><strong>L.</strong></span> <span class='ocrx_word' id='word_1_472' title='bbox 1239 4399 1275 4453; x_wconf 89' lang='lat' dir='ltr'><strong>D.</strong></span> <span class='ocrx_word' id='word_1_473' title='bbox 1298 4406 1322 4455; x_wconf 86' lang='lat'><strong>1.</strong></span> <span class='ocrx_word' id='word_1_474' title='bbox 1345 4405 1421 4466; x_wconf 81' lang='lat' dir='ltr'><strong>(non</strong></span> <span class='ocrx_word' id='word_1_475' title='bbox 1439 4400 1471 4452; x_wconf 88' lang='lat' dir='ltr'><strong>B.</strong></span> <span class='ocrx_word' id='word_1_476' title='bbox 1493 4398 1533 4452; x_wconf 76' lang='lat' dir='ltr'><strong>tt.</strong></span> 
     </span>
     <span class='ocr_line' id='line_1_44' title="bbox 192 4472 1530 4548; baseline -0.004 -17"><span class='ocrx_word' id='word_1_477' title='bbox 192 4477 227 4530; x_wconf 82' lang='lat' dir='ltr'><strong>V.</strong></span> <span class='ocrx_word' id='word_1_478' title='bbox 246 4472 302 4548; x_wconf 90' lang='lat' dir='ltr'><strong>M.)</strong></span> <span class='ocrx_word' id='word_1_479' title='bbox 348 4473 385 4545; x_wconf 68' lang='grc' dir='ltr'><strong>(θ)</strong></span> <span class='ocrx_word' id='word_1_480' title='bbox 411 4503 449 4516; x_wconf 93' lang='lat'><strong>—-</strong></span> <span class='ocrx_word' id='word_1_481' title='bbox 467 4492 528 4544; x_wconf 80' lang='lat' dir='ltr'><strong>aeq.</strong></span> <span class='ocrx_word' id='word_1_482' title='bbox 547 4493 606 4526; x_wconf 76' lang='lat' dir='ltr'><strong>eoae</strong></span> <span class='ocrx_word' id='word_1_483' title='bbox 626 4476 660 4531; x_wconf 86' lang='lat' dir='ltr'><strong>H.</strong></span> <span class='ocrx_word' id='word_1_484' title='bbox 685 4478 746 4545; x_wconf 82' lang='lat'><strong>.(⁷)</strong></span> <span class='ocrx_word' id='word_1_485' title='bbox 766 4477 813 4530; x_wconf 82' lang='lat' dir='ltr'><strong>Sic</strong></span> <span class='ocrx_word' id='word_1_486' title='bbox 832 4477 874 4530; x_wconf 91' lang='lat' dir='ltr'><strong>M.</strong></span> <span class='ocrx_word' id='word_1_487' title='bbox 894 4477 927 4531; x_wconf 90' lang='lat' dir='ltr'><strong>L.</strong></span> <span class='ocrx_word' id='word_1_488' title='bbox 948 4485 975 4534; x_wconf 79' lang='lat' dir='ltr'><strong>t.</strong></span> <span class='ocrx_word' id='word_1_489' title='bbox 996 4484 1021 4533; x_wconf 84' lang='lat'><strong>2.</strong></span> <span class='ocrx_word' id='word_1_490' title='bbox 1043 4506 1079 4519; x_wconf 97' lang='lat'><em>-</em></span> <span class='ocrx_word' id='word_1_491' title='bbox 1123 4482 1144 4529; x_wconf 82' lang='lat' dir='ltr'><strong>&#39;s</strong></span> <span class='ocrx_word' id='word_1_492' title='bbox 1160 4478 1198 4530; x_wconf 91' lang='lat' dir='ltr'><strong>H.</strong></span> <span class='ocrx_word' id='word_1_493' title='bbox 1216 4475 1249 4530; x_wconf 91' lang='lat' dir='ltr'><strong>V.</strong></span> <span class='ocrx_word' id='word_1_494' title='bbox 1266 4474 1306 4529; x_wconf 87' lang='lat' dir='ltr'><strong>D.</strong></span> <span class='ocrx_word' id='word_1_495' title='bbox 1325 4473 1362 4530; x_wconf 92' lang='lat' dir='ltr'><strong>G.</strong></span> <span class='ocrx_word' id='word_1_496' title='bbox 1382 4492 1416 4527; x_wconf 82' lang='lat' dir='ltr'><strong>ex</strong></span> <span class='ocrx_word' id='word_1_497' title='bbox 1436 4490 1530 4526; x_wconf 84' lang='lat' dir='ltr'><strong>errore</strong></span> 
     </span>
     <span class='ocr_line' id='line_1_45' title="bbox 193 4547 1531 4625; baseline -0.004 -19"><span class='ocrx_word' id='word_1_498' title='bbox 193 4571 220 4607; x_wconf 76' lang='lat' dir='ltr'><strong>v.</strong></span> <span class='ocrx_word' id='word_1_499' title='bbox 246 4568 272 4606; x_wconf 83' lang='lat' dir='ltr'><strong>c.</strong></span> <span class='ocrx_word' id='word_1_500' title='bbox 298 4548 349 4605; x_wconf 83' lang='lat' dir='ltr'><strong>Cd.</strong></span> <span class='ocrx_word' id='word_1_501' title='bbox 375 4547 449 4605; x_wconf 88' lang='lat' dir='ltr'><strong>Gud.</strong></span> <span class='ocrx_word' id='word_1_502' title='bbox 475 4548 539 4605; x_wconf 77' lang='lat' dir='ltr'><strong>hiis.</strong></span> <span class='ocrx_word' id='word_1_503' title='bbox 591 4549 628 4619; x_wconf 76' lang='lat'><strong>(⁸)</strong></span> <span class='ocrx_word' id='word_1_504' title='bbox 657 4572 696 4608; x_wconf 86' lang='lat'>=</span> <span class='ocrx_word' id='word_1_505' title='bbox 714 4559 753 4605; x_wconf 75' lang='lat' dir='ltr'><strong>alt</strong></span> <span class='ocrx_word' id='word_1_506' title='bbox 771 4568 914 4619; x_wconf 50' lang='lat' dir='ltr'><strong>&amp;semus</strong></span> <span class='ocrx_word' id='word_1_507' title='bbox 928 4551 979 4609; x_wconf 87' lang='lat' dir='ltr'><strong>Cd.</strong></span> <span class='ocrx_word' id='word_1_508' title='bbox 1000 4550 1075 4606; x_wconf 86' lang='lat' dir='ltr'><strong>Gud.</strong></span> <span class='ocrx_word' id='word_1_509' title='bbox 1101 4552 1182 4625; x_wconf 88' lang='lat' dir='ltr'><strong>prob.</strong></span> <span class='ocrx_word' id='word_1_510' title='bbox 1202 4550 1238 4605; x_wconf 82' lang='lat' dir='ltr'><strong>G.</strong></span> <span class='ocrx_word' id='word_1_511' title='bbox 1291 4549 1328 4618; x_wconf 83' lang='lat'><strong>(⁹)</strong></span> <span class='ocrx_word' id='word_1_512' title='bbox 1357 4579 1396 4594; x_wconf 90' lang='lat'><strong>-··</strong></span> <span class='ocrx_word' id='word_1_513' title='bbox 1413 4565 1470 4602; x_wconf 91' lang='lat' dir='ltr'><strong>om.</strong></span> <span class='ocrx_word' id='word_1_514' title='bbox 1489 4553 1531 4601; x_wconf 76' lang='lat' dir='ltr'><strong>nit</strong></span> 
     </span>
     <span class='ocr_line' id='line_1_46' title="bbox 193 4624 1570 4701; baseline -0.001 -21"><span class='ocrx_word' id='word_1_515' title='bbox 193 4627 277 4682; x_wconf 85' lang='lat' dir='ltr'><strong>Grut.</strong></span> <span class='ocrx_word' id='word_1_516' title='bbox 297 4627 363 4680; x_wconf 89' lang='lat' dir='ltr'><strong>Ern.</strong></span> <span class='ocrx_word' id='word_1_517' title='bbox 375 4635 401 4682; x_wconf 85' lang='lat'><strong>1.</strong></span> <span class='ocrx_word' id='word_1_518' title='bbox 422 4625 475 4677; x_wconf 78' lang='lat' dir='ltr'><strong>solt</strong></span> <span class='ocrx_word' id='word_1_519' title='bbox 494 4643 527 4677; x_wconf 80' lang='lat' dir='ltr'><strong>cx</strong></span> <span class='ocrx_word' id='word_1_520' title='bbox 546 4631 626 4679; x_wconf 84' lang='lat' dir='ltr'><strong>mein.</strong></span> <span class='ocrx_word' id='word_1_521' title='bbox 647 4630 698 4696; x_wconf 83' lang='lat'>(1⁰)</span> <span class='ocrx_word' id='word_1_522' title='bbox 717 4658 755 4673; x_wconf 89' lang='lat'><em>-</em></span> <span class='ocrx_word' id='word_1_523' title='bbox 770 4634 879 4701; x_wconf 79' lang='lat' dir='ltr'><strong>percipi</strong></span> <span class='ocrx_word' id='word_1_524' title='bbox 897 4646 954 4682; x_wconf 84' lang='lat' dir='ltr'><strong>non</strong></span> <span class='ocrx_word' id='word_1_525' title='bbox 970 4636 1066 4699; x_wconf 79' lang='lat' dir='ltr'><strong>potest</strong></span> <span class='ocrx_word' id='word_1_526' title='bbox 1084 4624 1188 4699; x_wconf 74' lang='lat' dir='ltr'><strong>H..(¹¹)</strong></span> <span class='ocrx_word' id='word_1_527' title='bbox 1206 4657 1245 4669; x_wconf 89' lang='lat'><em>-</em></span> <span class='ocrx_word' id='word_1_528' title='bbox 1262 4629 1288 4675; x_wconf 78' lang='lat' dir='ltr'><strong>ol</strong></span> <span class='ocrx_word' id='word_1_529' title='bbox 1307 4625 1340 4676; x_wconf 87' lang='lat' dir='ltr'><strong>id</strong></span> <span class='ocrx_word' id='word_1_530' title='bbox 1356 4624 1430 4696; x_wconf 82' lang='lat' dir='ltr'><strong>qnod</strong></span> <span class='ocrx_word' id='word_1_531' title='bbox 1446 4625 1481 4679; x_wconf 90' lang='lat' dir='ltr'><strong>H.</strong></span> <span class='ocrx_word' id='word_1_532' title='bbox 1494 4624 1530 4676; x_wconf 89' lang='lat' dir='ltr'><strong>V.</strong></span> <span class='ocrx_word' id='word_1_533' title='bbox 1568 4688 1570 4693; x_wconf 25' lang='lat'><strong>⁴</strong></span> 
     </span>
     <span class='ocr_line' id='line_1_47' title="bbox 194 4693 1530 4794; baseline -0.001 -41"><span class='ocrx_word' id='word_1_534' title='bbox 194 4701 248 4773; x_wconf 80' lang='lat'><strong>(¹²)</strong></span> <span class='ocrx_word' id='word_1_535' title='bbox 273 4731 316 4771; x_wconf 79' lang='lat'><strong>—¹</strong></span> <span class='ocrx_word' id='word_1_536' title='bbox 330 4699 426 4794; x_wconf 69' lang='lat' dir='ltr'><strong>Quid?</strong></span> <span class='ocrx_word' id='word_1_537' title='bbox 450 4700 524 4772; x_wconf 81' lang='lat' dir='ltr'><strong>quod</strong></span> <span class='ocrx_word' id='word_1_538' title='bbox 540 4706 581 4767; x_wconf 78' lang='lat' dir='ltr'><strong>oi,</strong></span> <span class='ocrx_word' id='word_1_539' title='bbox 602 4709 628 4755; x_wconf 81' lang='lat' dir='ltr'><strong>si</strong></span> <span class='ocrx_word' id='word_1_540' title='bbox 646 4710 705 4756; x_wconf 75' lang='lat' dir='ltr'><strong>teta</strong></span> <span class='ocrx_word' id='word_1_541' title='bbox 724 4706 759 4762; x_wconf 90' lang='lat' dir='ltr'><strong>G.</strong></span> <span class='ocrx_word' id='word_1_542' title='bbox 780 4703 809 4761; x_wconf 75' lang='lat' dir='ltr'><strong>C.</strong></span> <span class='ocrx_word' id='word_1_543' title='bbox 823 4720 928 4767; x_wconf 65' lang='lat' dir='ltr'><strong>,eontra</strong></span> <span class='ocrx_word' id='word_1_544' title='bbox 948 4705 1142 4758; x_wconf 82' lang='lat' dir='ltr'><strong>Latialtatem.</strong></span> <span class='ocrx_word' id='word_1_545' title='bbox 1171 4700 1223 4794; x_wconf 65' lang='lat' dir='ltr'><strong>cfr,</strong></span> <span class='ocrx_word' id='word_1_546' title='bbox 1242 4705 1323 4757; x_wconf 80' lang='lat' dir='ltr'><strong>Beier</strong></span> <span class='ocrx_word' id='word_1_547' title='bbox 1343 4693 1428 4792; x_wconf 69' lang='lat' dir='ltr'><strong>Offic.</strong></span> <span class='ocrx_word' id='word_1_548' title='bbox 1448 4700 1480 4752; x_wconf 90' lang='lat' dir='ltr'><strong>T.</strong></span> <span class='ocrx_word' id='word_1_549' title='bbox 1501 4704 1530 4752; x_wconf 89' lang='grc'><strong>2.</strong></span> 
     </span>
     <span class='ocr_line' id='line_1_48' title="bbox 188 4775 1531 4928; baseline -0.01 -19"><span class='ocrx_word' id='word_1_550' title='bbox 188 4775 594 4926; x_wconf 60' lang='lat' dir='ltr'><strong>&#39;l&#39;slhlltdltehtdll</strong></span> <span class='ocrx_word' id='word_1_551' title='bbox 611 4778 1058 4928; x_wconf 69' lang='lat' dir='ltr'><strong>e.⁶.n⁶¹:et,t:nle.tth</strong></span> <span class='ocrx_word' id='word_1_552' title='bbox 1074 4776 1531 4925; x_wconf 55' lang='lat' dir='ltr'><strong>l:²..ltf‘dltt⁰h:;e.t.‘⁶.⁸.‘:</strong></span> 
     </span>
     <span class='ocr_line' id='line_1_49' title="bbox 193 4916 1531 5007; baseline -0.001 -27"><span class='ocrx_word' id='word_1_553' title='bbox 193 4928 324 4999; x_wconf 82' lang='lat' dir='ltr'><strong>taphoras</strong></span> <span class='ocrx_word' id='word_1_554' title='bbox 345 4927 454 4981; x_wconf 85' lang='lat' dir='ltr'><strong>Tulllua</strong></span> <span class='ocrx_word' id='word_1_555' title='bbox 474 4916 782 4999; x_wconf 71' lang='lat' dir='ltr'><strong>nunqnamlunxlssen</strong></span> <span class='ocrx_word' id='word_1_556' title='bbox 792 4945 863 5004; x_wconf 89' lang='lat' dir='ltr'><strong>part.</strong></span> <span class='ocrx_word' id='word_1_557' title='bbox 886 4950 946 5003; x_wconf 78' lang='lat' dir='ltr'><strong>que.</strong></span> <span class='ocrx_word' id='word_1_558' title='bbox 975 4930 1052 4993; x_wconf 65' lang='lat' dir='ltr'><strong>deit.</strong></span> <span class='ocrx_word' id='word_1_559' title='bbox 1070 4936 1159 4985; x_wconf 78' lang='lat' dir='ltr'><strong>&#39;soni</strong></span> <span class='ocrx_word' id='word_1_560' title='bbox 1184 4934 1271 5007; x_wconf 75' lang='lat' dir='ltr'><strong>Ipsius</strong></span> <span class='ocrx_word' id='word_1_561' title='bbox 1298 4943 1381 4979; x_wconf 79' lang='lat' dir='ltr'><strong>causa</strong></span> <span class='ocrx_word' id='word_1_562' title='bbox 1407 4923 1531 4979; x_wconf 76' lang='lat' dir='ltr'><strong>scrihere</strong></span> 
     </span>
     <span class='ocr_line' id='line_1_50' title="bbox 194 5002 1491 5081; baseline -0.002 -25"><span class='ocrx_word' id='word_1_563' title='bbox 194 5018 252 5056; x_wconf 86' lang='lat' dir='ltr'><strong>non</strong></span> <span class='ocrx_word' id='word_1_564' title='bbox 270 5017 380 5075; x_wconf 78' lang='lat' dir='ltr'><strong>poterat</strong></span> <span class='ocrx_word' id='word_1_565' title='bbox 397 5009 479 5073; x_wconf 80' lang='lat' dir='ltr'><strong>quast</strong></span> <span class='ocrx_word' id='word_1_566' title='bbox 498 5003 634 5075; x_wconf 65' lang='lat' dir='ltr'><strong>praedam</strong></span> <span class='ocrx_word' id='word_1_567' title='bbox 652 5006 703 5057; x_wconf 75' lang='lat' dir='ltr'><strong>lux</strong></span> <span class='ocrx_word' id='word_1_568' title='bbox 722 5013 819 5062; x_wconf 75' lang='lat' dir='ltr'><strong>virae:</strong></span> <span class='ocrx_word' id='word_1_569' title='bbox 845 5009 955 5081; x_wconf 79' lang='lat' dir='ltr'><strong>rapiens</strong></span> <span class='ocrx_word' id='word_1_570' title='bbox 975 5022 1006 5060; x_wconf 86' lang='lat' dir='ltr'><strong>ut</strong></span> <span class='ocrx_word' id='word_1_571' title='bbox 1024 5021 1100 5077; x_wconf 82' lang='lat' dir='ltr'><strong>erat,</strong></span> <span class='ocrx_word' id='word_1_572' title='bbox 1119 5009 1248 5077; x_wconf 73' lang='lat' dir='ltr'><strong>scripsit,</strong></span> <span class='ocrx_word' id='word_1_573' title='bbox 1269 5004 1320 5054; x_wconf 77' lang='lat' dir='ltr'><strong>lux</strong></span> <span class='ocrx_word' id='word_1_574' title='bbox 1339 5002 1491 5072; x_wconf 78' lang='lat' dir='ltr'><strong>lumenque.</strong></span> 
     </span>
     <span class='ocr_line' id='line_1_51' title="bbox 1366 5088 1407 5115; baseline -0.049 0"><span class='ocrx_word' id='word_1_575' title='bbox 1366 5088 1374 5115; x_wconf 77' lang='lat' dir='ltr'><strong>l</strong></span> <span class='ocrx_word' id='word_1_576' title='bbox 1405 5110 1407 5113; x_wconf 79' lang='grc'>,</span> 
     </span>
    </p>
   </div>
   <div class='ocr_carea' id='block_1_15' title="bbox 0 0 1648 5490">
    <p class='ocr_par' dir='ltr' id='par_1_16' title="bbox 0 0 1648 5490">
     <span class='ocr_line' id='line_1_52' title="bbox 0 0 1648 5490; baseline 0 0"><span class='ocrx_word' id='word_1_577' title='bbox 0 0 1648 5490; x_wconf 95' lang='lat' dir='ltr'><strong> </strong></span> 
     </span>
    </p>
   </div>
  </div>
 </body>
</html>
