<?xml version="1.0" encoding="UTF-8"?>
<!DOCTYPE html PUBLIC "-//W3C//DTD XHTML 1.0 Transitional//EN"
    "http://www.w3.org/TR/xhtml1/DTD/xhtml1-transitional.dtd">
<html xmlns="http://www.w3.org/1999/xhtml" xml:lang="en" lang="en">
 <head>
  <title>
</title>
<meta http-equiv="Content-Type" content="text/html;charset=utf-8" />
  <meta name='ocr-system' content='tesseract 3.04.00' />
  <meta name='ocr-capabilities' content='ocr_page ocr_carea ocr_par ocr_line ocrx_word'/>
</head>
<body>
  <div class='ocr_page' id='page_1' title='image "./mtulliiciceroni01orelgoog_0229.png"; bbox 0 0 3188 5492; ppageno 0'>
   <div class='ocr_carea' id='block_1_1' title="bbox 303 1128 1461 1299">
    <p class='ocr_par' dir='ltr' id='par_1_1' title="bbox 303 1128 1461 1299">
     <span class='ocr_line' id='line_1_1' title="bbox 303 1128 1461 1299; baseline 0.004 -66"><span class='ocrx_word' id='word_1_1' title='bbox 303 1128 757 1299; x_wconf 66' lang='lat' dir='ltr'><strong><em>eunucu</em></strong></span> <span class='ocrx_word' id='word_1_2' title='bbox 839 1130 1461 1241; x_wconf 67' lang='lat' dir='ltr'><strong><em>incusatur</em></strong></span> 
     </span>
    </p>
   </div>
   <div class='ocr_carea' id='block_1_2' title="bbox 337 1321 1367 1641">
    <p class='ocr_par' dir='ltr' id='par_1_2' title="bbox 337 1321 1367 1641">
     <span class='ocr_line' id='line_1_2' title="bbox 536 1321 1221 1432; baseline 0.003 -4"><span class='ocrx_word' id='word_1_3' title='bbox 536 1321 923 1429; x_wconf 68' lang='lat' dir='ltr'><strong><em>Hipponensrs</em></strong></span> <span class='ocrx_word' id='word_1_4' title='bbox 953 1358 1221 1432; x_wconf 78' lang='lat' dir='ltr'><strong><em>nrrscorl</em></strong></span> 
     </span>
     <span class='ocr_line' id='line_1_3' title="bbox 337 1506 1367 1641; baseline 0.002 -33"><span class='ocrx_word' id='word_1_5' title='bbox 337 1506 341 1513; x_wconf 82' lang='grc'><strong>’</strong></span> <span class='ocrx_word' id='word_1_6' title='bbox 397 1533 618 1608; x_wconf 70' lang='lat' dir='ltr'><strong><em>conius</em></strong></span> <span class='ocrx_word' id='word_1_7' title='bbox 654 1533 1007 1641; x_wconf 77' lang='lat' dir='ltr'><strong><em>acannmcos</em></strong></span> <span class='ocrx_word' id='word_1_8' title='bbox 1041 1512 1188 1611; x_wconf 72' lang='lat' dir='ltr'><strong><em>susm</em></strong></span> <span class='ocrx_word' id='word_1_9' title='bbox 1220 1535 1367 1610; x_wconf 78' lang='lat' dir='ltr'><strong><em>runs.</em></strong></span> 
     </span>
    </p>
   </div>
   <div class='ocr_carea' id='block_1_3' title="bbox 682 1716 1091 1775">
    <p class='ocr_par' dir='ltr' id='par_1_3' title="bbox 682 1716 1091 1775">
     <span class='ocr_line' id='line_1_4' title="bbox 682 1716 1091 1775; baseline 0.005 -5"><span class='ocrx_word' id='word_1_10' title='bbox 682 1716 1091 1775; x_wconf 69' lang='lat' dir='ltr'><strong><em>altiburitanus,</em></strong></span> 
     </span>
    </p>
   </div>
   <div class='ocr_carea' id='block_1_4' title="bbox 181 1982 1564 2539">
    <p class='ocr_par' dir='ltr' id='par_1_4' title="bbox 214 1982 1564 2348">
     <span class='ocr_line' id='line_1_5' title="bbox 214 1982 1564 2067; baseline -0.003 -16"><span class='ocrx_word' id='word_1_11' title='bbox 214 1984 454 2051; x_wconf 82' lang='lat' dir='ltr'><strong><em>Romanianus</em></strong></span> <span class='ocrx_word' id='word_1_12' title='bbox 488 1982 536 2045; x_wconf 86' lang='lat' dir='ltr'><strong><em>ad</em></strong></span> <span class='ocrx_word' id='word_1_13' title='bbox 564 1982 822 2067; x_wconf 86' lang='lat' dir='ltr'><strong><em>philosophiam</em></strong></span> <span class='ocrx_word' id='word_1_14' title='bbox 844 1983 1010 2047; x_wconf 81' lang='lat' dir='ltr'><strong><em>incitatur</em></strong></span> <span class='ocrx_word' id='word_1_15' title='bbox 1035 1983 1220 2066; x_wconf 88' lang='lat' dir='ltr'><strong><em>prooemio</em></strong></span> <span class='ocrx_word' id='word_1_16' title='bbox 1247 1983 1327 2047; x_wconf 84' lang='lat' dir='ltr'><strong><em>iibri</em></strong></span> <span class='ocrx_word' id='word_1_17' title='bbox 1355 1985 1477 2061; x_wconf 81' lang='lat' dir='ltr'><strong><em>haias,</em></strong></span> <span class='ocrx_word' id='word_1_18' title='bbox 1507 1986 1532 2048; x_wconf 88' lang='lat' dir='ltr'><strong><em>in</em></strong></span> <span class='ocrx_word' id='word_1_19' title='bbox 1561 1994 1564 2001; x_wconf 58' lang='lat'><strong>⁴</strong></span> 
     </span>
     <span class='ocr_line' id='line_1_6' title="bbox 298 2076 1532 2165; baseline -0.002 -23"><span class='ocrx_word' id='word_1_20' title='bbox 298 2101 367 2164; x_wconf 80' lang='lat' dir='ltr'><strong><em>qao</em></strong></span> <span class='ocrx_word' id='word_1_21' title='bbox 395 2077 469 2141; x_wconf 88' lang='lat' dir='ltr'><strong><em>eius</em></strong></span> <span class='ocrx_word' id='word_1_22' title='bbox 490 2076 597 2154; x_wconf 73' lang='lat' dir='ltr'><strong><em>silias</em></strong></span> <span class='ocrx_word' id='word_1_23' title='bbox 623 2078 800 2141; x_wconf 74' lang='lat' dir='ltr'><strong><em>Licentiae</em></strong></span> <span class='ocrx_word' id='word_1_24' title='bbox 822 2099 898 2143; x_wconf 86' lang='lat' dir='ltr'><strong><em>cum</em></strong></span> <span class='ocrx_word' id='word_1_25' title='bbox 926 2077 1101 2165; x_wconf 80' lang='lat' dir='ltr'><em>Trygetio</em></span> <span class='ocrx_word' id='word_1_26' title='bbox 1121 2087 1280 2160; x_wconf 78' lang='lat' dir='ltr'><strong><em>per&#39;tres</em></strong></span> <span class='ocrx_word' id='word_1_27' title='bbox 1302 2079 1532 2162; x_wconf 73' lang='lat' dir='ltr'><em>disputationes</em></span> 
     </span>
     <span class='ocr_line' id='line_1_7' title="bbox 299 2171 1533 2258; baseline 0 -23"><span class='ocrx_word' id='word_1_28' title='bbox 299 2171 537 2254; x_wconf 81' lang='lat' dir='ltr'><strong><em>congreditur.</em></strong></span> <span class='ocrx_word' id='word_1_29' title='bbox 596 2174 659 2239; x_wconf 79' lang='lat' dir='ltr'><strong><em>ltte</em></strong></span> <span class='ocrx_word' id='word_1_30' title='bbox 680 2194 750 2254; x_wconf 85' lang='lat' dir='ltr'><strong><em>pro</em></strong></span> <span class='ocrx_word' id='word_1_31' title='bbox 771 2171 987 2236; x_wconf 85' lang='lat' dir='ltr'><strong><em>Academicis</em></strong></span> <span class='ocrx_word' id='word_1_32' title='bbox 1015 2171 1149 2235; x_wconf 79' lang='lat' dir='ltr'><strong><em>beatam</em></strong></span> <span class='ocrx_word' id='word_1_33' title='bbox 1179 2171 1284 2235; x_wconf 85' lang='lat' dir='ltr'><strong><em>vitam</em></strong></span> <span class='ocrx_word' id='word_1_34' title='bbox 1309 2173 1393 2255; x_wconf 85' lang='lat' dir='ltr'><strong><em>ipsa</em></strong></span> <span class='ocrx_word' id='word_1_35' title='bbox 1414 2173 1533 2258; x_wconf 62' lang='lat' dir='ltr'><strong><em>inquid</em></strong></span> 
     </span>
     <span class='ocr_line' id='line_1_8' title="bbox 299 2266 1531 2348; baseline -0.002 -18"><span class='ocrx_word' id='word_1_36' title='bbox 299 2267 393 2330; x_wconf 85' lang='lat' dir='ltr'><strong><em>tione</em></strong></span> <span class='ocrx_word' id='word_1_37' title='bbox 419 2266 507 2343; x_wconf 86' lang='lat' dir='ltr'><strong><em>veri,</em></strong></span> <span class='ocrx_word' id='word_1_38' title='bbox 546 2266 600 2329; x_wconf 87' lang='lat' dir='ltr'><strong><em>bic</em></strong></span> <span class='ocrx_word' id='word_1_39' title='bbox 633 2279 756 2329; x_wconf 84' lang='lat' dir='ltr'><strong><em>contra</em></strong></span> <span class='ocrx_word' id='word_1_40' title='bbox 787 2266 927 2331; x_wconf 79' lang='lat' dir='ltr'><strong><em>nonnisi</em></strong></span> <span class='ocrx_word' id='word_1_41' title='bbox 955 2266 1027 2330; x_wconf 81' lang='lat' dir='ltr'><strong><em>ceri</em></strong></span> <span class='ocrx_word' id='word_1_42' title='bbox 1060 2267 1365 2348; x_wconf 66' lang='lat' dir='ltr'><strong><em>comprehensione</em></strong></span> <span class='ocrx_word' id='word_1_43' title='bbox 1397 2280 1531 2332; x_wconf 78' lang='lat' dir='ltr'><strong><em>constare</em></strong></span> 
     </span>
    </p>

    <p class='ocr_par' dir='ltr' id='par_1_5' title="bbox 181 2360 1532 2539">
     <span class='ocr_line' id='line_1_9' title="bbox 181 2360 1532 2445; baseline -0.004 -20"><span class='ocrx_word' id='word_1_44' title='bbox 181 2418 186 2425; x_wconf 85' lang='lat'><em>.</em></span> <span class='ocrx_word' id='word_1_45' title='bbox 295 2371 511 2445; x_wconf 77' lang='lat' dir='ltr'><strong><em>propugnat.</em></strong></span> <span class='ocrx_word' id='word_1_46' title='bbox 552 2361 655 2424; x_wconf 82' lang='lat' dir='ltr'><strong><em>Venit</em></strong></span> <span class='ocrx_word' id='word_1_47' title='bbox 682 2360 719 2422; x_wconf 88' lang='lat' dir='ltr'><strong><em>in</em></strong></span> <span class='ocrx_word' id='word_1_48' title='bbox 745 2361 997 2423; x_wconf 79' lang='lat' dir='ltr'><strong><em>contentionem</em></strong></span> <span class='ocrx_word' id='word_1_49' title='bbox 1023 2360 1186 2437; x_wconf 78' lang='lat' dir='ltr'><strong><em>definitio</em></strong></span> <span class='ocrx_word' id='word_1_50' title='bbox 1209 2361 1367 2438; x_wconf 77' lang='lat' dir='ltr'><strong><em>erroris,</em></strong></span> <span class='ocrx_word' id='word_1_51' title='bbox 1403 2383 1461 2425; x_wconf 90' lang='lat' dir='ltr'><strong><em>nec</em></strong></span> <span class='ocrx_word' id='word_1_52' title='bbox 1482 2378 1532 2422; x_wconf 88' lang='lat' dir='ltr'><strong><em>non</em></strong></span> 
     </span>
     <span class='ocr_line' id='line_1_10' title="bbox 299 2452 1473 2539; baseline 0 -22"><span class='ocrx_word' id='word_1_53' title='bbox 299 2453 460 2537; x_wconf 81' lang='lat' dir='ltr'><strong><em>definitio</em></strong></span> <span class='ocrx_word' id='word_1_54' title='bbox 481 2452 690 2538; x_wconf 69' lang='lat' dir='ltr'><strong><em>sapientiae,</em></strong></span> <span class='ocrx_word' id='word_1_55' title='bbox 715 2474 805 2539; x_wconf 81' lang='lat' dir='ltr'><strong><em>qaae</em></strong></span> <span class='ocrx_word' id='word_1_56' title='bbox 824 2456 1014 2517; x_wconf 66' lang='lat' dir='ltr'><strong><em>truculenter</em></strong></span> <span class='ocrx_word' id='word_1_57' title='bbox 1036 2455 1246 2538; x_wconf 62' lang='lat' dir='ltr'><strong><em>explicatur.</em></strong></span> <span class='ocrx_word' id='word_1_58' title='bbox 1291 2465 1294 2473; x_wconf 87' lang='lat'>&#39;</span> <span class='ocrx_word' id='word_1_59' title='bbox 1469 2464 1473 2477; x_wconf 90' lang='lat'><em>&#39;</em></span> 
     </span>
    </p>
   </div>
   <div class='ocr_carea' id='block_1_5' title="bbox 776 2628 994 2651">
    <p class='ocr_par' dir='ltr' id='par_1_6' title="bbox 776 2628 994 2651">
     <span class='ocr_line' id='line_1_11' title="bbox 776 2628 994 2651; baseline 0 -5"><span class='ocrx_word' id='word_1_60' title='bbox 776 2628 994 2651; x_wconf 50' lang='lat' dir='ltr'><strong><em>m</em></strong></span> 
     </span>
    </p>
   </div>
   <div class='ocr_carea' id='block_1_6' title="bbox 123 2770 1576 5063">
    <p class='ocr_par' dir='ltr' id='par_1_7' title="bbox 198 2770 1576 4416">
     <span class='ocr_line' id='line_1_12' title="bbox 216 2770 1531 2910; baseline -0.005 -18"><span class='ocrx_word' id='word_1_61' title='bbox 216 2829 248 2892; x_wconf 90' lang='grc' dir='ltr'><strong><em>Ι.</em></strong></span> <span class='ocrx_word' id='word_1_62' title='bbox 274 2831 304 2893; x_wconf 83' lang='lat' dir='ltr'><strong><em>l.</em></strong></span> <span class='ocrx_word' id='word_1_63' title='bbox 331 2770 387 2891; x_wconf 86' lang='lat' dir='ltr'>O</span> <span class='ocrx_word' id='word_1_64' title='bbox 411 2827 549 2903; x_wconf 87' lang='lat' dir='ltr'><strong><em>utinam,</em></strong></span> <span class='ocrx_word' id='word_1_65' title='bbox 574 2827 792 2906; x_wconf 84' lang='lat' dir='ltr'><strong><em>Romaniane,</em></strong></span> <span class='ocrx_word' id='word_1_66' title='bbox 813 2828 973 2892; x_wconf 87' lang='lat' dir='ltr'><strong><em>hominem</em></strong></span> <span class='ocrx_word' id='word_1_67' title='bbox 1003 2828 1065 2892; x_wconf 88' lang='lat' dir='ltr'><strong><em>sibi</em></strong></span> <span class='ocrx_word' id='word_1_68' title='bbox 1087 2836 1195 2910; x_wconf 87' lang='lat' dir='ltr'><strong><em>aptum</em></strong></span> <span class='ocrx_word' id='word_1_69' title='bbox 1222 2825 1267 2890; x_wconf 86' lang='lat' dir='ltr'><strong><em>ita</em></strong></span> <span class='ocrx_word' id='word_1_70' title='bbox 1288 2825 1430 2891; x_wconf 83' lang='lat' dir='ltr'><strong><em>vicissim</em></strong></span> <span class='ocrx_word' id='word_1_71' title='bbox 1451 2822 1531 2889; x_wconf 79' lang='lat' dir='ltr'><strong><em>virtus</em></strong></span> 
     </span>
     <span class='ocr_line' id='line_1_13' title="bbox 217 2920 1531 3007; baseline -0.005 -20"><span class='ocrx_word' id='word_1_72' title='bbox 217 2923 369 2987; x_wconf 80' lang='lat' dir='ltr'><strong><em>fortunae</em></strong></span> <span class='ocrx_word' id='word_1_73' title='bbox 390 2925 584 3007; x_wconf 80' lang='lat' dir='ltr'><strong><em>repugnanti</em></strong></span> <span class='ocrx_word' id='word_1_74' title='bbox 606 2936 718 3006; x_wconf 87' lang='lat' dir='ltr'><strong><em>posset</em></strong></span> <span class='ocrx_word' id='word_1_75' title='bbox 740 2922 892 3000; x_wconf 83' lang='lat' dir='ltr'><strong><em>auferre,</em></strong></span> <span class='ocrx_word' id='word_1_76' title='bbox 916 2935 952 2987; x_wconf 89' lang='lat' dir='ltr'><strong><em>ut</em></strong></span> <span class='ocrx_word' id='word_1_77' title='bbox 975 2925 1013 2986; x_wconf 89' lang='lat' dir='ltr'><strong><em>ab</em></strong></span> <span class='ocrx_word' id='word_1_78' title='bbox 1037 2945 1072 2986; x_wconf 86' lang='lat' dir='ltr'><strong><em>ea</em></strong></span> <span class='ocrx_word' id='word_1_79' title='bbox 1095 2920 1156 2984; x_wconf 87' lang='lat' dir='ltr'><strong><em>sibi</em></strong></span> <span class='ocrx_word' id='word_1_80' title='bbox 1178 2921 1297 2984; x_wconf 80' lang='lat' dir='ltr'><strong><em>auferri</em></strong></span> <span class='ocrx_word' id='word_1_81' title='bbox 1320 2924 1471 2984; x_wconf 89' lang='lat' dir='ltr'><strong><em>neminem</em></strong></span> <span class='ocrx_word' id='word_1_82' title='bbox 1489 2936 1531 2998; x_wconf 82' lang='lat' dir='ltr'><strong><em>pa·</em></strong></span> 
     </span>
     <span class='ocr_line' id='line_1_14' title="bbox 217 3011 1530 3102; baseline -0.007 -22"><span class='ocrx_word' id='word_1_83' title='bbox 217 3017 314 3082; x_wconf 87' lang='lat' dir='ltr'><strong><em>titur!</em></strong></span> <span class='ocrx_word' id='word_1_84' title='bbox 337 3019 398 3081; x_wconf 87' lang='lat' dir='ltr'><strong><em>iam</em></strong></span> <span class='ocrx_word' id='word_1_85' title='bbox 420 3019 478 3081; x_wconf 88' lang='lat' dir='ltr'><strong><em>tibi</em></strong></span> <span class='ocrx_word' id='word_1_86' title='bbox 500 3014 656 3101; x_wconf 40' lang='lat' dir='ltr'><strong><em>proiecto*</em></strong></span> <span class='ocrx_word' id='word_1_87' title='bbox 673 3016 831 3081; x_wconf 85' lang='lat' dir='ltr'><strong><em>iniecisset</em></strong></span> <span class='ocrx_word' id='word_1_88' title='bbox 854 3040 998 3093; x_wconf 82' lang='lat' dir='ltr'><strong><em>inanum,</em></strong></span> <span class='ocrx_word' id='word_1_89' title='bbox 1030 3017 1143 3102; x_wconf 87' lang='lat' dir='ltr'><strong><em>suique</em></strong></span> <span class='ocrx_word' id='word_1_90' title='bbox 1169 3015 1247 3078; x_wconf 88' lang='lat' dir='ltr'><strong><em>iuris</em></strong></span> <span class='ocrx_word' id='word_1_91' title='bbox 1277 3027 1309 3078; x_wconf 86' lang='lat' dir='ltr'><strong><em>tc</em></strong></span> <span class='ocrx_word' id='word_1_92' title='bbox 1332 3037 1405 3078; x_wconf 86' lang='lat' dir='ltr'><strong><em>esse</em></strong></span> <span class='ocrx_word' id='word_1_93' title='bbox 1427 3011 1530 3096; x_wconf 83' lang='lat' dir='ltr'><strong><em>procla·</em></strong></span> 
     </span>
     <span class='ocr_line' id='line_1_15' title="bbox 215 3101 1531 3194; baseline -0.008 -17"><span class='ocrx_word' id='word_1_94' title='bbox 215 3134 316 3188; x_wconf 83' lang='lat' dir='ltr'><strong><em>mans,</em></strong></span> <span class='ocrx_word' id='word_1_95' title='bbox 330 3123 363 3176; x_wconf 90' lang='lat' dir='ltr'><strong><em>et</em></strong></span> <span class='ocrx_word' id='word_1_96' title='bbox 377 3114 408 3175; x_wconf 91' lang='lat' dir='ltr'><strong><em>in</em></strong></span> <span class='ocrx_word' id='word_1_97' title='bbox 425 3114 585 3176; x_wconf 88' lang='lat' dir='ltr'><strong><em>bonorum</em></strong></span> <span class='ocrx_word' id='word_1_98' title='bbox 603 3111 854 3177; x_wconf 84' lang='lat' dir='ltr'><strong><em>certissimorum</em></strong></span> <span class='ocrx_word' id='word_1_99' title='bbox 870 3111 1114 3194; x_wconf 84' lang='lat' dir='ltr'><strong><em>possessionem.</em></strong></span> <span class='ocrx_word' id='word_1_100' title='bbox 1125 3112 1314 3183; x_wconf 74' lang='lat' dir='ltr'><strong><em>traducens,</em></strong></span> <span class='ocrx_word' id='word_1_101' title='bbox 1333 3130 1374 3173; x_wconf 89' lang='lat' dir='ltr'><strong><em>ne</em></strong></span> <span class='ocrx_word' id='word_1_102' title='bbox 1389 3101 1531 3191; x_wconf 79' lang='lat' dir='ltr'><strong><em>prosperis</em></strong></span> 
     </span>
     <span class='ocr_line' id='line_1_16' title="bbox 216 3204 1528 3291; baseline -0.008 -23"><span class='ocrx_word' id='word_1_103' title='bbox 216 3207 342 3289; x_wconf 89' lang='lat' dir='ltr'><strong><em>quidem</em></strong></span> <span class='ocrx_word' id='word_1_104' title='bbox 366 3206 493 3268; x_wconf 84' lang='lat' dir='ltr'><strong><em>casibus</em></strong></span> <span class='ocrx_word' id='word_1_105' title='bbox 516 3205 639 3268; x_wconf 84' lang='lat' dir='ltr'><strong><em>servire</em></strong></span> <span class='ocrx_word' id='word_1_106' title='bbox 660 3204 872 3287; x_wconf 84' lang='lat' dir='ltr'><strong><em>permitteret.</em></strong></span> <span class='ocrx_word' id='word_1_107' title='bbox 917 3209 981 3269; x_wconf 88' lang='lat' dir='ltr'><strong><em>Sed</em></strong></span> <span class='ocrx_word' id='word_1_108' title='bbox 1003 3207 1153 3291; x_wconf 84' lang='lat' dir='ltr'><strong><em>quoniam</em></strong></span> <span class='ocrx_word' id='word_1_109' title='bbox 1175 3205 1220 3268; x_wconf 86' lang='lat' dir='ltr'><strong><em>ita</em></strong></span> <span class='ocrx_word' id='word_1_110' title='bbox 1243 3216 1458 3291; x_wconf 86' lang='lat' dir='ltr'><strong><em>comparatum</em></strong></span> <span class='ocrx_word' id='word_1_111' title='bbox 1479 3208 1528 3268; x_wconf 88' lang='lat' dir='ltr'><strong><em>est,</em></strong></span> 
     </span>
     <span class='ocr_line' id='line_1_17' title="bbox 216 3290 1530 3383; baseline -0.008 -21"><span class='ocrx_word' id='word_1_112' title='bbox 216 3300 283 3362; x_wconf 85' lang='lat' dir='ltr'><strong><em>sive</em></strong></span> <span class='ocrx_word' id='word_1_113' title='bbox 306 3299 513 3383; x_wconf 87' lang='lat' dir='ltr'><strong><em>promeritis</em></strong></span> <span class='ocrx_word' id='word_1_114' title='bbox 536 3298 675 3374; x_wconf 87' lang='lat' dir='ltr'><strong><em>nostris,</em></strong></span> <span class='ocrx_word' id='word_1_115' title='bbox 700 3301 767 3363; x_wconf 78' lang='lat' dir='ltr'><strong><em>sive</em></strong></span> <span class='ocrx_word' id='word_1_116' title='bbox 789 3320 851 3382; x_wconf 88' lang='lat' dir='ltr'><strong><em>pro</em></strong></span> <span class='ocrx_word' id='word_1_117' title='bbox 874 3300 1063 3364; x_wconf 80' lang='lat' dir='ltr'><strong><em>necessitate</em></strong></span> <span class='ocrx_word' id='word_1_118' title='bbox 1085 3313 1240 3375; x_wconf 81' lang='lat' dir='ltr'><strong><em>natiuae,</em></strong></span> <span class='ocrx_word' id='word_1_119' title='bbox 1263 3310 1300 3361; x_wconf 90' lang='lat' dir='ltr'><strong><em>ut</em></strong></span> <span class='ocrx_word' id='word_1_120' title='bbox 1322 3297 1459 3360; x_wconf 88' lang='lat' dir='ltr'><strong><em>divinum</em></strong></span> <span class='ocrx_word' id='word_1_121' title='bbox 1479 3290 1530 3353; x_wconf 85' lang='lat' dir='ltr'><strong><em>ani·</em></strong></span> 
     </span>
     <span class='ocr_line' id='line_1_18' title="bbox 215 3384 1530 3485; baseline -0.008 -30"><span class='ocrx_word' id='word_1_122' title='bbox 215 3386 298 3456; x_wconf 84' lang='lat' dir='ltr'><strong><em>inum</em></strong></span> <span class='ocrx_word' id='word_1_123' title='bbox 330 3394 519 3457; x_wconf 81' lang='lat' dir='ltr'><strong><em>mortalibus</em></strong></span> <span class='ocrx_word' id='word_1_124' title='bbox 549 3393 786 3469; x_wconf 73' lang='lat' dir='ltr'><strong><em>inhaerentem,</em></strong></span> <span class='ocrx_word' id='word_1_125' title='bbox 821 3416 1019 3480; x_wconf 84' lang='lat' dir='ltr'><strong><em>nequaquam</em></strong></span> <span class='ocrx_word' id='word_1_126' title='bbox 1044 3392 1224 3475; x_wconf 84' lang='lat' dir='ltr'><strong><em>&#39;sapientiae</em></strong></span> <span class='ocrx_word' id='word_1_127' title='bbox 1258 3405 1375 3474; x_wconf 86' lang='lat' dir='ltr'><strong><em>portus</em></strong></span> <span class='ocrx_word' id='word_1_128' title='bbox 1399 3384 1530 3485; x_wconf 73' lang='lat' dir='ltr'><strong><em>accipiat,</em></strong></span> 
     </span>
     <span class='ocr_line' id='line_1_19' title="bbox 215 3477 1531 3578; baseline -0.005 -28"><span class='ocrx_word' id='word_1_129' title='bbox 215 3487 395 3571; x_wconf 81' lang='lat' dir='ltr'><strong><em>abireque</em></strong></span> <span class='ocrx_word' id='word_1_130' title='bbox 418 3489 607 3551; x_wconf 82' lang='lat' dir='ltr'><strong><em>adversante</em></strong></span> <span class='ocrx_word' id='word_1_131' title='bbox 629 3488 780 3573; x_wconf 77' lang='lat' dir='ltr'><strong><em>fortunae</em></strong></span> <span class='ocrx_word' id='word_1_132' title='bbox 796 3489 898 3577; x_wconf 26' lang='lat' dir='ltr'><strong><em>‚flatu‚</em></strong></span> <span class='ocrx_word' id='word_1_133' title='bbox 933 3509 1037 3574; x_wconf 89' lang='lat' dir='ltr'><strong><em>neque</em></strong></span> <span class='ocrx_word' id='word_1_134' title='bbox 1058 3491 1250 3552; x_wconf 79' lang='lat' dir='ltr'><strong><em>secundante</em></strong></span> <span class='ocrx_word' id='word_1_135' title='bbox 1272 3497 1457 3563; x_wconf 70' lang='lat' dir='ltr'><strong><em>innoventur,</em></strong></span> <span class='ocrx_word' id='word_1_136' title='bbox 1487 3477 1531 3578; x_wconf 73' lang='grc'>11111</span> 
     </span>
     <span class='ocr_line' id='line_1_20' title="bbox 198 3566 1531 3669; baseline -0.008 -25"><span class='ocrx_word' id='word_1_137' title='bbox 198 3601 256 3651; x_wconf 79' lang='lat' dir='ltr'><strong><em>,eo</em></strong></span> <span class='ocrx_word' id='word_1_138' title='bbox 278 3580 366 3643; x_wconf 90' lang='lat' dir='ltr'><strong><em>illum</em></strong></span> <span class='ocrx_word' id='word_1_139' title='bbox 387 3582 518 3646; x_wconf 88' lang='lat' dir='ltr'><strong><em>fortuna</em></strong></span> <span class='ocrx_word' id='word_1_140' title='bbox 539 3582 632 3662; x_wconf 88' lang='lat' dir='ltr'><strong><em>ipsa,</em></strong></span> <span class='ocrx_word' id='word_1_141' title='bbox 657 3582 710 3645; x_wconf 84' lang='lat' dir='ltr'><strong><em>vel</em></strong></span> <span class='ocrx_word' id='word_1_142' title='bbox 733 3585 889 3657; x_wconf 88' lang='lat' dir='ltr'><strong><em>secunda,</em></strong></span> <span class='ocrx_word' id='word_1_143' title='bbox 924 3584 977 3646; x_wconf 82' lang='lat' dir='ltr'><strong><em>rel</em></strong></span> <span class='ocrx_word' id='word_1_144' title='bbox 1000 3583 1090 3669; x_wconf 84' lang='lat' dir='ltr'><strong><em>quasi</em></strong></span> <span class='ocrx_word' id='word_1_145' title='bbox 1113 3585 1248 3647; x_wconf 85' lang='lat' dir='ltr'><strong><em>adversa</em></strong></span> <span class='ocrx_word' id='word_1_146' title='bbox 1269 3582 1443 3663; x_wconf 84' lang='lat' dir='ltr'><strong><em>perducat:</em></strong></span> <span class='ocrx_word' id='word_1_147' title='bbox 1471 3566 1531 3634; x_wconf 82' lang='lat' dir='ltr'><strong><em>nint</em></strong></span> 
     </span>
     <span class='ocr_line' id='line_1_21' title="bbox 215 3666 1576 3761; baseline -0.008 -25"><span class='ocrx_word' id='word_1_148' title='bbox 215 3695 279 3757; x_wconf 91' lang='lat' dir='ltr'><strong><em>pro</em></strong></span> <span class='ocrx_word' id='word_1_149' title='bbox 308 3687 340 3738; x_wconf 89' lang='lat' dir='ltr'><strong><em>te</em></strong></span> <span class='ocrx_word' id='word_1_150' title='bbox 362 3675 455 3739; x_wconf 86' lang='lat' dir='ltr'><strong><em>nobis</em></strong></span> <span class='ocrx_word' id='word_1_151' title='bbox 477 3677 564 3739; x_wconf 84' lang='lat' dir='ltr'><strong><em>aliud</em></strong></span> <span class='ocrx_word' id='word_1_152' title='bbox 585 3698 680 3760; x_wconf 90' lang='lat' dir='ltr'><strong><em>quam</em></strong></span> <span class='ocrx_word' id='word_1_153' title='bbox 703 3688 779 3741; x_wconf 88' lang='lat' dir='ltr'><strong><em>vcta</em></strong></span> <span class='ocrx_word' id='word_1_154' title='bbox 800 3688 941 3753; x_wconf 75' lang='lat' dir='ltr'><strong><em>restant,</em></strong></span> <span class='ocrx_word' id='word_1_155' title='bbox 977 3676 1092 3761; x_wconf 83' lang='lat' dir='ltr'><strong><em>quibus</em></strong></span> <span class='ocrx_word' id='word_1_156' title='bbox 1116 3678 1154 3737; x_wconf 86' lang='lat' dir='ltr'><strong><em>ab</em></strong></span> <span class='ocrx_word' id='word_1_157' title='bbox 1178 3666 1247 3748; x_wconf 89' lang='lat' dir='ltr'><strong><em>illo,</em></strong></span> <span class='ocrx_word' id='word_1_158' title='bbox 1279 3674 1329 3735; x_wconf 89' lang='lat' dir='ltr'><strong><em>eui</em></strong></span> <span class='ocrx_word' id='word_1_159' title='bbox 1351 3674 1430 3734; x_wconf 85' lang='lat' dir='ltr'><strong><em>baec</em></strong></span> <span class='ocrx_word' id='word_1_160' title='bbox 1456 3680 1530 3730; x_wconf 81' lang='lat' dir='ltr'><strong><em>curae</em></strong></span> <span class='ocrx_word' id='word_1_161' title='bbox 1575 3696 1576 3725; x_wconf 65' lang='lat' dir='ltr'><strong><em>t</em></strong></span> 
     </span>
     <span class='ocr_line' id='line_1_22' title="bbox 216 3755 1576 3852; baseline -0.01 -22"><span class='ocrx_word' id='word_1_162' title='bbox 216 3778 301 3841; x_wconf 88' lang='lat' dir='ltr'><strong><em>sunt,</em></strong></span> <span class='ocrx_word' id='word_1_163' title='bbox 326 3769 412 3843; x_wconf 88' lang='lat' dir='ltr'><strong><em>Deo,</em></strong></span> <span class='ocrx_word' id='word_1_164' title='bbox 436 3769 463 3832; x_wconf 87' lang='lat' dir='ltr'><strong><em>si</em></strong></span> <span class='ocrx_word' id='word_1_165' title='bbox 489 3790 673 3852; x_wconf 90' lang='lat' dir='ltr'><strong><em>possumus,</em></strong></span> <span class='ocrx_word' id='word_1_166' title='bbox 698 3770 917 3852; x_wconf 82' lang='lat' dir='ltr'><strong><em>impetremus,</em></strong></span> <span class='ocrx_word' id='word_1_167' title='bbox 943 3783 977 3832; x_wconf 90' lang='lat' dir='ltr'><strong><em>ut</em></strong></span> <span class='ocrx_word' id='word_1_168' title='bbox 1000 3783 1031 3834; x_wconf 90' lang='lat' dir='ltr'><strong><em>te</em></strong></span> <span class='ocrx_word' id='word_1_169' title='bbox 1054 3769 1111 3832; x_wconf 84' lang='lat' dir='ltr'><strong><em>tibi</em></strong></span> <span class='ocrx_word' id='word_1_170' title='bbox 1132 3771 1263 3843; x_wconf 86' lang='lat' dir='ltr'><strong><em>reddat;</em></strong></span> <span class='ocrx_word' id='word_1_171' title='bbox 1286 3769 1329 3829; x_wconf 91' lang='lat' dir='ltr'><strong><em>ita</em></strong></span> <span class='ocrx_word' id='word_1_172' title='bbox 1353 3766 1435 3829; x_wconf 90' lang='lat' dir='ltr'><strong><em>enim</em></strong></span> <span class='ocrx_word' id='word_1_173' title='bbox 1455 3755 1530 3824; x_wconf 84' lang='lat' dir='ltr'><strong><em>iacile</em></strong></span> <span class='ocrx_word' id='word_1_174' title='bbox 1574 3790 1576 3823; x_wconf 55' lang='lat' dir='ltr'><strong><em>l</em></strong></span> 
     </span>
     <span class='ocr_line' id='line_1_23' title="bbox 215 3852 1576 3954; baseline -0.003 -32"><span class='ocrx_word' id='word_1_175' title='bbox 215 3863 328 3923; x_wconf 85' lang='lat' dir='ltr'><strong><em>reddet</em></strong></span> <span class='ocrx_word' id='word_1_176' title='bbox 351 3874 382 3924; x_wconf 91' lang='lat' dir='ltr'><strong><em>et</em></strong></span> <span class='ocrx_word' id='word_1_177' title='bbox 403 3864 517 3938; x_wconf 89' lang='lat' dir='ltr'><strong><em>nobis,</em></strong></span> <span class='ocrx_word' id='word_1_178' title='bbox 549 3863 692 3948; x_wconf 86' lang='lat' dir='ltr'><strong><em>sinatque</em></strong></span> <span class='ocrx_word' id='word_1_179' title='bbox 716 3877 848 3927; x_wconf 78' lang='lat' dir='ltr'><strong><em>urentem</em></strong></span> <span class='ocrx_word' id='word_1_180' title='bbox 872 3865 957 3931; x_wconf 88' lang='lat' dir='ltr'><strong><em>illam</em></strong></span> <span class='ocrx_word' id='word_1_181' title='bbox 982 3877 1087 3939; x_wconf 77' lang='lat' dir='ltr'><strong><em>triam,</em></strong></span> <span class='ocrx_word' id='word_1_182' title='bbox 1123 3885 1205 3948; x_wconf 86' lang='lat' dir='ltr'><strong><em>quae</em></strong></span> <span class='ocrx_word' id='word_1_183' title='bbox 1226 3861 1466 3944; x_wconf 86' lang='lat' dir='ltr'><strong><em>respirationem</em></strong></span> <span class='ocrx_word' id='word_1_184' title='bbox 1483 3852 1530 3954; x_wconf 71' lang='grc'>111111</span> <span class='ocrx_word' id='word_1_185' title='bbox 1575 3868 1576 3871; x_wconf 76' lang='grc'>’</span> 
     </span>
     <span class='ocr_line' id='line_1_24' title="bbox 216 3954 1576 4041; baseline -0.008 -25"><span class='ocrx_word' id='word_1_186' title='bbox 216 3954 269 4017; x_wconf 89' lang='lat' dir='ltr'><strong><em>diu</em></strong></span> <span class='ocrx_word' id='word_1_187' title='bbox 298 3958 455 4036; x_wconf 78' lang='lat' dir='ltr'><strong><em>parturit,</em></strong></span> <span class='ocrx_word' id='word_1_188' title='bbox 495 3957 664 4041; x_wconf 79' lang='lat' dir='ltr'><strong><em>aliquando</em></strong></span> <span class='ocrx_word' id='word_1_189' title='bbox 693 3958 725 4020; x_wconf 89' lang='lat' dir='ltr'><strong><em>in</em></strong></span> <span class='ocrx_word' id='word_1_190' title='bbox 755 3980 850 4021; x_wconf 84' lang='lat' dir='ltr'><strong><em>auras</em></strong></span> <span class='ocrx_word' id='word_1_191' title='bbox 880 3980 979 4022; x_wconf 85' lang='lat' dir='ltr'><strong><em>verae</em></strong></span> <span class='ocrx_word' id='word_1_192' title='bbox 1011 3959 1169 4021; x_wconf 82' lang='lat' dir='ltr'><strong><em>libertatis</em></strong></span> <span class='ocrx_word' id='word_1_193' title='bbox 1192 3977 1370 4040; x_wconf 84' lang='lat' dir='ltr'><strong><em>emergere.</em></strong></span> <span class='ocrx_word' id='word_1_194' title='bbox 1397 3954 1399 3958; x_wconf 75' lang='grc'>’</span> <span class='ocrx_word' id='word_1_195' title='bbox 1424 3954 1529 4015; x_wconf 80' lang='lat' dir='ltr'><strong><em>Etenna</em></strong></span> <span class='ocrx_word' id='word_1_196' title='bbox 1574 3986 1576 4027; x_wconf 45' lang='lat' dir='ltr'><strong>j</strong></span> 
     </span>
     <span class='ocr_line' id='line_1_25' title="bbox 216 4038 1576 4134; baseline -0.005 -22"><span class='ocrx_word' id='word_1_197' title='bbox 216 4048 356 4112; x_wconf 84' lang='lat' dir='ltr'><strong><em>fortasse</em></strong></span> <span class='ocrx_word' id='word_1_198' title='bbox 379 4072 458 4133; x_wconf 89' lang='lat' dir='ltr'><strong><em>quae</em></strong></span> <span class='ocrx_word' id='word_1_199' title='bbox 482 4051 583 4134; x_wconf 78' lang='lat' dir='ltr'><strong><em>vulgo</em></strong></span> <span class='ocrx_word' id='word_1_200' title='bbox 606 4051 735 4114; x_wconf 83' lang='lat' dir='ltr'><strong><em>fortuna</em></strong></span> <span class='ocrx_word' id='word_1_201' title='bbox 758 4053 956 4126; x_wconf 88' lang='lat' dir='ltr'><strong><em>nominatur,</em></strong></span> <span class='ocrx_word' id='word_1_202' title='bbox 982 4053 1111 4115; x_wconf 84' lang='lat' dir='ltr'><strong><em>occulto</em></strong></span> <span class='ocrx_word' id='word_1_203' title='bbox 1132 4053 1270 4134; x_wconf 90' lang='lat' dir='ltr'><strong><em>quodam</em></strong></span> <span class='ocrx_word' id='word_1_204' title='bbox 1286 4049 1398 4110; x_wconf 89' lang='lat' dir='ltr'><strong><em>ordine</em></strong></span> <span class='ocrx_word' id='word_1_205' title='bbox 1412 4040 1526 4127; x_wconf 62' lang='lat' dir='ltr'><strong><em>regitur,</em></strong></span> <span class='ocrx_word' id='word_1_206' title='bbox 1575 4038 1576 4097; x_wconf 75' lang='grc' dir='ltr'>Ϊ</span> 
     </span>
     <span class='ocr_line' id='line_1_26' title="bbox 215 4141 1576 4227; baseline -0.004 -23"><span class='ocrx_word' id='word_1_207' title='bbox 215 4141 357 4227; x_wconf 80' lang='lat' dir='ltr'><strong><em>nihilque</em></strong></span> <span class='ocrx_word' id='word_1_208' title='bbox 388 4143 472 4205; x_wconf 83' lang='lat' dir='ltr'><strong><em>alind</em></strong></span> <span class='ocrx_word' id='word_1_209' title='bbox 502 4147 534 4206; x_wconf 91' lang='lat' dir='ltr'><strong><em>in</em></strong></span> <span class='ocrx_word' id='word_1_210' title='bbox 556 4147 654 4208; x_wconf 88' lang='lat' dir='ltr'><strong><em>rebus</em></strong></span> <span class='ocrx_word' id='word_1_211' title='bbox 676 4167 784 4208; x_wconf 88' lang='lat' dir='ltr'><strong><em>casum</em></strong></span> <span class='ocrx_word' id='word_1_212' title='bbox 810 4167 976 4221; x_wconf 85' lang='lat' dir='ltr'><strong><em>vocamus,</em></strong></span> <span class='ocrx_word' id='word_1_213' title='bbox 1013 4145 1071 4207; x_wconf 90' lang='lat' dir='ltr'><strong><em>nisi</em></strong></span> <span class='ocrx_word' id='word_1_214' title='bbox 1095 4145 1184 4206; x_wconf 90' lang='lat' dir='ltr'><strong><em>cuius</em></strong></span> <span class='ocrx_word' id='word_1_215' title='bbox 1207 4145 1290 4206; x_wconf 88' lang='lat' dir='ltr'><strong><em>ratio</em></strong></span> <span class='ocrx_word' id='word_1_216' title='bbox 1314 4151 1346 4204; x_wconf 87' lang='lat' dir='ltr'><strong><em>et</em></strong></span> <span class='ocrx_word' id='word_1_217' title='bbox 1374 4149 1463 4202; x_wconf 77' lang='lat' dir='ltr'><strong><em>caiisa</em></strong></span> <span class='ocrx_word' id='word_1_218' title='bbox 1492 4148 1529 4191; x_wconf 81' lang='grc'>11·</span> <span class='ocrx_word' id='word_1_219' title='bbox 1574 4158 1576 4223; x_wconf 60' lang='grc'><strong>4</strong></span> 
     </span>
     <span class='ocr_line' id='line_1_27' title="bbox 214 4220 1529 4324; baseline -0.002 -26"><span class='ocrx_word' id='word_1_220' title='bbox 214 4249 302 4298; x_wconf 88' lang='lat' dir='ltr'><strong><em>creta</em></strong></span> <span class='ocrx_word' id='word_1_221' title='bbox 325 4248 392 4299; x_wconf 85' lang='lat' dir='ltr'><strong><em>est:</em></strong></span> <span class='ocrx_word' id='word_1_222' title='bbox 416 4238 557 4323; x_wconf 86' lang='lat' dir='ltr'><strong><em>nihilque</em></strong></span> <span class='ocrx_word' id='word_1_223' title='bbox 580 4262 636 4302; x_wconf 87' lang='lat' dir='ltr'><strong><em>seu</em></strong></span> <span class='ocrx_word' id='word_1_224' title='bbox 652 4239 809 4304; x_wconf 87' lang='lat' dir='ltr'><strong><em>commodi</em></strong></span> <span class='ocrx_word' id='word_1_225' title='bbox 828 4260 883 4302; x_wconf 89' lang='lat' dir='ltr'><strong><em>seu</em></strong></span> <span class='ocrx_word' id='word_1_226' title='bbox 904 4240 1095 4303; x_wconf 84' lang='lat' dir='ltr'><strong><em>incommodi</em></strong></span> <span class='ocrx_word' id='word_1_227' title='bbox 1112 4238 1270 4321; x_wconf 83' lang='lat' dir='ltr'><strong><em>contingit</em></strong></span> <span class='ocrx_word' id='word_1_228' title='bbox 1284 4238 1316 4298; x_wconf 91' lang='lat' dir='ltr'><strong><em>in</em></strong></span> <span class='ocrx_word' id='word_1_229' title='bbox 1333 4248 1440 4316; x_wconf 75' lang='lat' dir='ltr'><strong><em>parte,</em></strong></span> <span class='ocrx_word' id='word_1_230' title='bbox 1462 4220 1529 4324; x_wconf 46' lang='lat' dir='ltr'><strong><em>quid</em></strong></span> 
     </span>
     <span class='ocr_line' id='line_1_28' title="bbox 215 4327 1528 4416; baseline -0.012 -22"><span class='ocrx_word' id='word_1_231' title='bbox 215 4352 280 4394; x_wconf 87' lang='lat' dir='ltr'><strong><em>non</em></strong></span> <span class='ocrx_word' id='word_1_232' title='bbox 314 4331 499 4395; x_wconf 81' lang='lat' dir='ltr'><strong><em>conveniat.</em></strong></span> <span class='ocrx_word' id='word_1_233' title='bbox 519 4345 550 4396; x_wconf 89' lang='lat' dir='ltr'><strong><em>et</em></strong></span> <span class='ocrx_word' id='word_1_234' title='bbox 584 4354 646 4397; x_wconf 87' lang='lat' dir='ltr'><strong><em>non</em></strong></span> <span class='ocrx_word' id='word_1_235' title='bbox 682 4347 841 4416; x_wconf 82' lang='lat' dir='ltr'><strong><em>congruat</em></strong></span> <span class='ocrx_word' id='word_1_236' title='bbox 874 4334 1038 4398; x_wconf 86' lang='lat' dir='ltr'><strong><em>universo.</em></strong></span> <span class='ocrx_word' id='word_1_237' title='bbox 1096 4334 1199 4413; x_wconf 83' lang='lat' dir='ltr'><strong><em>Quam</em></strong></span> <span class='ocrx_word' id='word_1_238' title='bbox 1223 4329 1408 4393; x_wconf 88' lang='lat' dir='ltr'><strong><em>sententiam</em></strong></span> <span class='ocrx_word' id='word_1_239' title='bbox 1427 4327 1528 4388; x_wconf 85' lang='lat' dir='ltr'><strong><em>uberu-</em></strong></span> 
     </span>
    </p>

    <p class='ocr_par' dir='ltr' id='par_1_8' title="bbox 123 4408 1545 4699">
     <span class='ocr_line' id='line_1_29' title="bbox 123 4408 1526 4511; baseline -0.012 -25"><span class='ocrx_word' id='word_1_240' title='bbox 123 4434 126 4441; x_wconf 84' lang='lat'>&#39;</span> <span class='ocrx_word' id='word_1_241' title='bbox 214 4444 336 4486; x_wconf 82' lang='lat' dir='ltr'><strong><em>mariun</em></strong></span> <span class='ocrx_word' id='word_1_242' title='bbox 366 4424 584 4488; x_wconf 84' lang='lat' dir='ltr'><strong><em>doctrinarum</em></strong></span> <span class='ocrx_word' id='word_1_243' title='bbox 614 4427 751 4490; x_wconf 86' lang='lat' dir='ltr'><strong><em>oraculis</em></strong></span> <span class='ocrx_word' id='word_1_244' title='bbox 782 4428 895 4489; x_wconf 84' lang='lat' dir='ltr'><strong><em>editam</em></strong></span> <span class='ocrx_word' id='word_1_245' title='bbox 934 4440 1153 4511; x_wconf 83' lang='lat' dir='ltr'><strong><em>remotamque</em></strong></span> <span class='ocrx_word' id='word_1_246' title='bbox 1183 4423 1369 4509; x_wconf 81' lang='lat' dir='ltr'><strong><em>longissime</em></strong></span> <span class='ocrx_word' id='word_1_247' title='bbox 1398 4423 1435 4482; x_wconf 83' lang='lat' dir='ltr'><strong><em>ab</em></strong></span> <span class='ocrx_word' id='word_1_248' title='bbox 1454 4408 1526 4478; x_wconf 89' lang='lat' dir='ltr'><strong><em>intel·</em></strong></span> 
     </span>
     <span class='ocr_line' id='line_1_30' title="bbox 213 4517 1527 4609; baseline -0.004 -29"><span class='ocrx_word' id='word_1_249' title='bbox 213 4521 300 4581; x_wconf 86' lang='lat' dir='ltr'><strong><em>lectu</em></strong></span> <span class='ocrx_word' id='word_1_250' title='bbox 323 4517 555 4599; x_wconf 83' lang='lat' dir='ltr'><strong><em>profanorum,</em></strong></span> <span class='ocrx_word' id='word_1_251' title='bbox 591 4541 626 4582; x_wconf 88' lang='lat' dir='ltr'><strong><em>se</em></strong></span> <span class='ocrx_word' id='word_1_252' title='bbox 649 4523 933 4585; x_wconf 88' lang='lat' dir='ltr'><strong><em>demonstraturam</em></strong></span> <span class='ocrx_word' id='word_1_253' title='bbox 960 4521 1044 4583; x_wconf 90' lang='lat' dir='ltr'><strong><em>veris</em></strong></span> <span class='ocrx_word' id='word_1_254' title='bbox 1068 4519 1262 4584; x_wconf 79' lang='lat' dir='ltr'><strong><em>atiiatoribus</em></strong></span> <span class='ocrx_word' id='word_1_255' title='bbox 1285 4519 1368 4593; x_wconf 88' lang='lat' dir='ltr'><strong><em>suis,</em></strong></span> <span class='ocrx_word' id='word_1_256' title='bbox 1400 4517 1435 4577; x_wconf 86' lang='lat' dir='ltr'><strong><em>ad</em></strong></span> <span class='ocrx_word' id='word_1_257' title='bbox 1455 4521 1527 4609; x_wconf 63' lang='grc'>1111111</span> 
     </span>
     <span class='ocr_line' id='line_1_31' title="bbox 213 4607 1545 4699; baseline -0.005 -28"><span class='ocrx_word' id='word_1_258' title='bbox 213 4621 246 4673; x_wconf 90' lang='lat' dir='ltr'><strong><em>te</em></strong></span> <span class='ocrx_word' id='word_1_259' title='bbox 269 4610 383 4685; x_wconf 87' lang='lat' dir='ltr'><strong><em>invito,</em></strong></span> <span class='ocrx_word' id='word_1_260' title='bbox 408 4612 610 4694; x_wconf 86' lang='lat' dir='ltr'><strong><em>philosophia</em></strong></span> <span class='ocrx_word' id='word_1_261' title='bbox 628 4613 815 4695; x_wconf 88' lang='lat' dir='ltr'><strong><em>pollicetur.</em></strong></span> <span class='ocrx_word' id='word_1_262' title='bbox 862 4615 1077 4693; x_wconf 85' lang='lat' dir='ltr'><strong><em>Quamobrem</em></strong></span> <span class='ocrx_word' id='word_1_263' title='bbox 1101 4636 1197 4695; x_wconf 81' lang='lat' dir='ltr'><strong><em>quiim</em></strong></span> <span class='ocrx_word' id='word_1_264' title='bbox 1219 4611 1278 4674; x_wconf 88' lang='lat' dir='ltr'><strong><em>tibi</em></strong></span> <span class='ocrx_word' id='word_1_265' title='bbox 1299 4624 1356 4673; x_wconf 87' lang='lat' dir='ltr'><strong><em>tuo</em></strong></span> <span class='ocrx_word' id='word_1_266' title='bbox 1379 4607 1472 4670; x_wconf 83' lang='lat' dir='ltr'><strong><em>animo</em></strong></span> <span class='ocrx_word' id='word_1_267' title='bbox 1490 4617 1545 4699; x_wconf 76' lang='grc'><strong><em>111</em></strong></span> 
     </span>
    </p>

    <p class='ocr_par' dir='ltr' id='par_1_9' title="bbox 152 4699 1525 5063">
     <span class='ocr_line' id='line_1_32' title="bbox 152 4699 1525 4789; baseline -0.009 -20"><span class='ocrx_word' id='word_1_268' title='bbox 152 4757 162 4769; x_wconf 83' lang='grc'><strong><em>,</em></strong></span> <span class='ocrx_word' id='word_1_269' title='bbox 215 4707 311 4789; x_wconf 79' lang='lat' dir='ltr'><strong><em>digna</em></strong></span> <span class='ocrx_word' id='word_1_270' title='bbox 332 4705 430 4766; x_wconf 88' lang='lat' dir='ltr'><strong><em>multa</em></strong></span> <span class='ocrx_word' id='word_1_271' title='bbox 454 4706 619 4782; x_wconf 83' lang='lat' dir='ltr'><strong><em>accidunt,</em></strong></span> <span class='ocrx_word' id='word_1_272' title='bbox 645 4730 684 4769; x_wconf 89' lang='lat' dir='ltr'><strong><em>nc</em></strong></span> <span class='ocrx_word' id='word_1_273' title='bbox 708 4719 738 4770; x_wconf 91' lang='lat' dir='ltr'><strong><em>te</em></strong></span> <span class='ocrx_word' id='word_1_274' title='bbox 759 4707 827 4789; x_wconf 90' lang='lat' dir='ltr'><strong><em>ipse</em></strong></span> <span class='ocrx_word' id='word_1_275' title='bbox 843 4721 1040 4771; x_wconf 84' lang='lat' dir='ltr'><strong><em>contemnas.</em></strong></span> <span class='ocrx_word' id='word_1_276' title='bbox 1088 4710 1170 4769; x_wconf 80' lang='lat' dir='ltr'><strong><em>Nam</em></strong></span> <span class='ocrx_word' id='word_1_277' title='bbox 1187 4708 1213 4769; x_wconf 88' lang='lat' dir='ltr'><strong><em>si</em></strong></span> <span class='ocrx_word' id='word_1_278' title='bbox 1229 4704 1333 4768; x_wconf 79' lang='lat' dir='ltr'><strong><em>divina</em></strong></span> <span class='ocrx_word' id='word_1_279' title='bbox 1354 4699 1525 4785; x_wconf 73' lang='lat' dir='ltr'><strong><em>prm-idum</em></strong></span> 
     </span>
     <span class='ocr_line' id='line_1_33' title="bbox 180 4787 1521 4885; baseline -0.007 -26"><span class='ocrx_word' id='word_1_280' title='bbox 180 4800 194 4813; x_wconf 84' lang='grc'><strong>”</strong></span> <span class='ocrx_word' id='word_1_281' title='bbox 214 4797 538 4885; x_wconf 65' lang='grc' dir='ltr'><strong><em>ρενῑεῐιᾱὶῐιιωιεῳιε</em></strong></span> <span class='ocrx_word' id='word_1_282' title='bbox 569 4804 607 4862; x_wconf 88' lang='lat' dir='ltr'><strong><em>ad</em></strong></span> <span class='ocrx_word' id='word_1_283' title='bbox 631 4822 709 4876; x_wconf 88' lang='lat' dir='ltr'><strong><em>nos,</em></strong></span> <span class='ocrx_word' id='word_1_284' title='bbox 742 4804 828 4885; x_wconf 86' lang='lat' dir='ltr'><strong><em>quod</em></strong></span> <span class='ocrx_word' id='word_1_285' title='bbox 851 4802 976 4865; x_wconf 76' lang='lat' dir='ltr'><strong><em>animine</em></strong></span> <span class='ocrx_word' id='word_1_286' title='bbox 1001 4804 1209 4864; x_wconf 86' lang='lat' dir='ltr'><strong><em>dubitandum</em></strong></span> <span class='ocrx_word' id='word_1_287' title='bbox 1232 4812 1299 4873; x_wconf 89' lang='lat' dir='ltr'><strong><em>cst,</em></strong></span> <span class='ocrx_word' id='word_1_288' title='bbox 1338 4787 1521 4867; x_wconf 73' lang='lat' dir='ltr'><strong><em>mihicrede,</em></strong></span> 
     </span>
     <span class='ocr_line' id='line_1_34' title="bbox 214 4889 1523 4985; baseline -0.002 -36"><span class='ocrx_word' id='word_1_289' title='bbox 214 4889 261 4950; x_wconf 84' lang='lat' dir='ltr'><strong><em>sic</em></strong></span> <span class='ocrx_word' id='word_1_290' title='bbox 282 4901 386 4951; x_wconf 88' lang='lat' dir='ltr'><strong><em>tecum</em></strong></span> <span class='ocrx_word' id='word_1_291' title='bbox 409 4893 461 4975; x_wconf 73' lang='lat' dir='ltr'><strong><em>agi</em></strong></span> <span class='ocrx_word' id='word_1_292' title='bbox 484 4906 615 4974; x_wconf 88' lang='lat' dir='ltr'><strong><em>oportet</em></strong></span> <span class='ocrx_word' id='word_1_293' title='bbox 638 4906 672 4957; x_wconf 92' lang='lat' dir='ltr'><strong><em>ut</em></strong></span> <span class='ocrx_word' id='word_1_294' title='bbox 696 4896 812 4979; x_wconf 81' lang='lat' dir='ltr'><strong><em>agitur.</em></strong></span> <span class='ocrx_word' id='word_1_295' title='bbox 870 4899 950 4958; x_wconf 81' lang='lat' dir='ltr'><strong><em>Nam</em></strong></span> <span class='ocrx_word' id='word_1_296' title='bbox 981 4919 1076 4980; x_wconf 81' lang='lat' dir='ltr'><strong><em>qiurm</em></strong></span> <span class='ocrx_word' id='word_1_297' title='bbox 1108 4907 1213 4969; x_wconf 87' lang='lat' dir='ltr'><strong><em>tanta,</em></strong></span> <span class='ocrx_word' id='word_1_298' title='bbox 1254 4903 1400 4978; x_wconf 84' lang='lat' dir='ltr'><strong><em>quantam</em></strong></span> <span class='ocrx_word' id='word_1_299' title='bbox 1424 4891 1523 4985; x_wconf 50' lang='lat' dir='ltr'><strong><em>suppli</em></strong></span> 
     </span>
     <span class='ocr_line' id='line_1_35' title="bbox 216 4982 1522 5063; baseline -0.005 -20"><span class='ocrx_word' id='word_1_300' title='bbox 216 4982 376 5055; x_wconf 85' lang='lat' dir='ltr'><strong><em>admiror,</em></strong></span> <span class='ocrx_word' id='word_1_301' title='bbox 405 4985 511 5048; x_wconf 87' lang='lat' dir='ltr'><strong><em>indole</em></strong></span> <span class='ocrx_word' id='word_1_302' title='bbox 542 4998 614 5063; x_wconf 77' lang='lat' dir='ltr'><strong><em>trra,</em></strong></span> <span class='ocrx_word' id='word_1_303' title='bbox 647 4992 686 5050; x_wconf 85' lang='lat' dir='ltr'><strong><em>ab</em></strong></span> <span class='ocrx_word' id='word_1_304' title='bbox 710 4991 836 5050; x_wconf 86' lang='lat' dir='ltr'><strong><em>ineunte</em></strong></span> <span class='ocrx_word' id='word_1_305' title='bbox 860 4991 1093 5063; x_wconf 78' lang='lat' dir='ltr'><strong><em>aslolcscentia‚</em></strong></span> <span class='ocrx_word' id='word_1_306' title='bbox 1127 4992 1229 5051; x_wconf 82' lang='lat' dir='ltr'><strong><em>adbuc</em></strong></span> <span class='ocrx_word' id='word_1_307' title='bbox 1260 4987 1388 5049; x_wconf 86' lang='lat' dir='ltr'><strong><em>iullrmo</em></strong></span> <span class='ocrx_word' id='word_1_308' title='bbox 1415 4985 1522 5042; x_wconf 60' lang='lat' dir='ltr'><strong><em>rationu</em></strong></span> 
     </span>
    </p>
   </div>
   <div class='ocr_carea' id='block_1_7' title="bbox 0 0 1598 5492">
    <p class='ocr_par' dir='ltr' id='par_1_10' title="bbox 0 0 1598 5492">
     <span class='ocr_line' id='line_1_36' title="bbox 0 0 1598 5492; baseline 0 0"><span class='ocrx_word' id='word_1_309' title='bbox 0 0 1598 5492; x_wconf 95' lang='lat' dir='ltr'><strong><em> </em></strong></span> 
     </span>
    </p>
   </div>
  </div>
 </body>
</html>
