3226 5488
244 406 307 477 aes
575 352 578 361 ¹
672 373 870 476 ananau
896 408 1159 514 unonsrrm
1232 470 1237 481 „
1338 397 1342 415 ·

244 571 310 614 non
343 548 474 625 mirum,
514 552 554 631 ab
584 551 662 633 ipsis
691 551 772 615 enim
801 551 947 639 Platonis
977 551 1121 614 sontibus
1149 552 1343 634 profluebat)
1373 556 1494 618 attendit
1509 580 1543 621 aa·

244 643 370 725 pienter
392 647 500 728 quales
522 647 568 710 illi
597 647 739 711 actiones
767 650 962 728 probarent,
1001 667 1118 729 easque
1140 647 1249 710 nescio
1272 670 1406 732 quarum
1428 671 1544 713 verarum

169 748 173 751 “
243 738 361 801 similes
384 739 514 816 videns,
538 741 571 804 id
588 744 676 824 quod
698 741 728 805 in
751 744 816 807 hoc
837 744 953 804 mundo
977 743 1018 803 ad
1033 743 1189 825 agendum
1213 754 1421 826 sequeretur,
1439 743 1498 806 reri
1513 747 1543 807 si·

241 832 314 894 mile
344 831 530 903 nominavit.
590 834 653 899 Cui
683 835 764 898 enim
787 847 872 899 esset
893 836 993 898 simile
1018 848 1049 898 et
1076 835 1179 917 perite
1199 847 1311 913 norat,
1345 849 1380 899 et
1402 841 1545 920 prudenter

243 928 394 1010 tegebat,
419 925 524 1012 'idque
546 927 638 991 etiam
660 929 829 1009 probabile
852 931 1047 1012 appellabat.
1105 931 1231 993 Probat
1256 931 1336 993 enim
1360 933 1440 995 bene
1459 933 1544 1017 imagi-

242 1043 333 1096 nean,
371 1022 513 1106 quisquis
541 1023 610 1086 eins
641 1023 781 1086 intuetur
813 1025 1006 1106 exemplum.
1066 1025 1241 1104 Quomodo.
1273 1020 1393 1088 enim¹³
1417 1031 1545 1108 approbat

243 1116 388 1196 sapiens,
428 1128 481 1179 aut
510 1119 673 1198 quomodo
693 1117 803 1193 ,simile
825 1117 968 1202 sequitur
993 1118 1078 1190 veri,
1117 1141 1212 1203 quum
1236 1119 1341 1200 ipsum
1365 1142 1472 1184 verum
1491 1124 1546 1204 quid

244 1210 285 1272 sit
308 1208 462 1293 ignoret?
499 1211 592 1295 Ergo
615 1210 660 1272 illi
683 1224 816 1284 norant,
854 1223 887 1304 et
913 1213 1134 1293 approbabant
1155 1213 1255 1287 falsa,
1279 1213 1311 1276 ia
1335 1216 1449 1297 quibus
1469 1214 1547 1276 imita·

241 1301 361 1365 tionem
394 1303 580 1366 laudabilem
613 1325 721 1367 rerum
755 1326 902 1367 verarum
936 1305 1239 1368 animadvertebant.
1300 1308 1364 1368 Sed
1402 1307 1472 1391 quia
1501 1310 1547 1385 boe

243 1407 402 1479 tamquam
424 1397 568 1479 profanis
591 1420 650 1460 nec
671 1399 742 1473 sas,
778 1421 836 1461 nec
856 1398 950 1462 facile
972 1410 1040 1460 erat
1062 1401 1256 1473 ostendere,
1292 1400 1487 1484 reliquerunt
1504 1424 1547 1482 po·

243 1489 354 1564 steris,
389 1502 421 1553 et
449 1492 563 1575 quibus
592 1493 649 1556 illo
671 1505 817 1574 tempore
839 1495 1030 1574 potuerunt,
1065 1492 1191 1573 signnm
1218 1497 1378 1577 quoddam
1397 1496 1547 1558 sententiae

242 1602 329 1648 suae.
389 1586 470 1648 Illos
501 1598 603 1651 autem
627 1589 708 1650 bene
731 1587 914 1650 dialecticos
937 1587 976 1647 de
1000 1586 1107 1649 verbis
1130 1607 1260 1649 nrovere
1283 1589 1495 1671 quaestionem
1513 1589 1547 1650 in·

241 1681 394 1749 saltantes
423 1679 655 1765 irridentesque
683 1683 911 1763 prohibebant.
973 1681 1031 1744 Ob·
1051 1683 1116 1744 boc
1137 1680 1253 1743 dicitur
1276 1681 1457 1757 Carneades
1477 1682 1546 1747 etiarn

244 1773 356 1865 tertiae
379 1773 571 1837 Academiae
594 1777 743 1856 princeps
766 1787 861 1859 atque
884 1786 997 1839 auctor
1018 1775 1128 1838 luisse.

326 1871 381 1931 dl.
405 1868 529 1932 Deinde
550 1870 583 1931 in
605 1882 749 1935 nostrum
773 1871 914 1932 Tullium
937 1869 1098 1935 conflictio
1121 1869 1180 1931 ista
1206 1871 1349 1947 duravit,
1390 1872 1449 1934 iam
1476 1870 1546 1952 plana

110 1968 119 1981 ‘
216 1962 343 2045 ,saucia
367 1974 397 2025 et
418 1963 530 2026 ultimo
554 1964 667 2045 spiritu
688 1964 823 2029 Latinas
845 1963 952 2026 literas
973 1963 1132 2026 inflatura.
1181 1966 1264 2027 Nam
1287 1966 1366 2028 nihil
1390 1965 1463 2027 mihi
1481 1963 1547 2026 vide·

239 2068 297 2120 tur'
324 2057 480 2130 inflatius,-
519 2078 613 2140 qnam
642 2070 704 2120 tam
736 2059 833 2120 malta
858 2054 1079 2138 copiosissime
1102 2069 1195 2140 atque
1219 2058 1421 2120 ornatissime
1443 2058 1544 2130 dicere,

239 2173 304 2214 non
330 2153 369 2213 ita
393 2151 591 2215 sentientem.
647 2154 770 2233 Quibus
792 2165 897 2215 tamen
919 2150 1022 2215 ventis
1043 2149 1177 2213 foenens
1208 2151 1261 2214 ille
1290 2152 1475 2216 Platonicus
1496 2152 1546 2213 An·

240 2244 366 2307 tiochus
397 2243 491 2319 satis,
531 2256 566 2305 ut
595 2244 671 2308 mihi
691 2247 836 2323 videtur,
875 2245 1044 2326 dissipatus
1066 2255 1160 2329 atque
1184 2244 1344 2326 dispersus
1371 2258 1430 2309 est.
1486 2247 1545 2308 Nan

243 2337 478 2419 Epicureorum
502 2358 620 2423 greges
642 2340 673 2402 in
697 2340 806 2403 animis
832 2339 1055 2419 deliciosorum
1086 2339 1280 2419 populorum
1311 2338 1421 2420 aprica
1447 2337 1545 2402 stabuh

243 2445 433 2513 posuerunt.
492 2433 621 2514 Quippe
643 2433 824 2497 Antiochus
846 2430 992 2498 Philonis
1014 2430 1161 2509 auditor,
1185 2433 1323 2496 hominis
1345 2447 1490 2517 quantum
1508 2453 1545 2493 ar·

240 2526 347 2590 bitror
382 2525 709 2608 circumspectissimi,
747 2526 801 2611 qui
829 2528 892 2590 iam
922 2524 1021 2588 veluti
1052 2525 1175 2606 aperire
1208 2528 1395 2591 cedentibus
1428 2528 1544 2590 hostibus

239 2630 354 2701 portas
377 2633 547 2701 coeperat,
586 2632 618 2683 et
639 2624 679 2683 ad
701 2621 846 2685 Platonis
870 2619 1092 2684 auctoritatem
1115 2621 1328 2693 Academiam,
1341 2622 1490 2706 legesque
1507 2639 1544 2681 re·

240 2735 378 2795 vocare:
417 2737 603 2799 quamquam
637 2728 669 2779 et
703 2718 917 2780 Metrodorus
950 2715 984 2778 id
1016 2727 1107 2777 antea
1138 2715 1246 2779 lacere
1279 2728 1473 2789 tentaverat,
1506 2709 1544 2794 qtti

239 2809 359 2891 priruus
382 2809 497 2872 dieitur
519 2831 588 2873 esse
610 2810 794 2885 consessus,
819 2811 919 2875 ιιοι]Η
940 2812 1070 2873 decreto
1094 2810 1251 2890 placuisse
1275 2804 1543 2874 Academicis-nihil

240 2923 338 2984 posse
361 2902 606 2985 conprehendi,
632 2907 689 2967 sed
709 2906 889 2969 necessario
913 2916 1025 2967 contra
1048 2904 1177 2974 Stoicos
1199 2903 1381 2968 huiusmodi
1404 2926 1458 2968 eos
1479 2919 1543 2964 arna

239 2999 427 3078 sumpsisse.
486 2996 592 3080 Igitur
614 2998 815 3072 Antiochus,
850 3010 885 3060 ut
906 2996 1102 3060 institueram
1125 2997 1247 3073 dicere,
1286 2998 1399 3061 auditis
1433 2996 1543 3061 Philone

236 3091 434 3156 Academico
465 3104 497 3154 et
526 3092 720 3155 Mnesarcho
751 3092 862 3156 Stoico
891 3091 923 3154 in
955 3093 1167 3155 Academiam
1191 3105 1349 3167 veterem,
1389 3090 1476 3178 qnasi
1503 3108 1543 3148 aa·

239 3209 329 3252 citam
359 3184 610 3260 defensoribus,
643 3197 674 3248 et
704 3186 794 3270 quasi
823 3185 912 3248 nullo
940 3186 1034 3248 hoste
1063 3207 1227 3260 secturam,
1266 3188 1355 3250 velut
1386 3190 1544 3251 adiutaret

240 3282 319 3345 civis
351 3284 543 3363 irrepserat,
578 3281 686 3345 nescio
717 3279 794 3365 quid
821 3279 962 3347 inlerens
996 3280 1068 3342 mali
1100 3283 1139 3343 de
1169 3280 1352 3344 Stoicorum
1386 3277 1540 3346 cineribus,

242 3377 330 3457 quod
360 3375 505 3439 Platonis
535 3378 626 3454 adyta
658 3375 806 3439 violaret.
861 3373 924 3436 Sed
945 3373 1018 3435 huie
1040 3373 1176 3456 arreptis
1198 3375 1312 3438 iterum
1336 3375 1397 3438 illis
1421 3372 1504 3437 armis
1520 3376 1542 3428 et

239 3469 337 3533 Philo
359 3470 475 3532 restitit
496 3472 598 3532 donec
621 3480 821 3542 moreretur,
855 3480 888 3530 et
913 3488 1023 3531 omnes
1046 3468 1113 3531 eius
1127 3469 1286 3551 reliquias
1310 3470 1433 3532 Tullius
1456 3474 1541 3529 noster

242 3563 420 3644 oppressit,
453 3586 486 3626 se
513 3563 589 3627 vivo
612 3563 776 3645 impatiens
800 3561 984 3624 labefactari
1006 3564 1059 3625 vel
1081 3563 1287 3626 contaminari
1309 3562 1459 3646 quidquid
1478 3574 1566 3637 arna·⁸

242 3655 360 3718 visset:
399 3660 479 3721 adeo
509 3669 585 3739 post
614 3658 666 3721 illa
696 3670 843 3738 tempora
873 3676 936 3717 nou
965 3657 1064 3739 longo
1087 3656 1256 3719 intervallo
1280 3646 1540 3738 omui'pervieacia

172 3834 177 3841 ι
240 3749 481 3836 pertinaciaque·
500 3756 680 3828 demortua,
706 3774 743 3816 os
765 3751 842 3823 illud
862 3749 1028 3822 Platonis,
1052 3753 1138 3835 quod
1158 3749 1192 3811 in
1213 3749 1423 3831 Philosophia
1444 3762 1540 3829 purga·

241 3840 395 3905 tissimum
418 3857 465 3908 est
488 3859 518 3908 et
535 3845 781 3921 lucidissimum,
806 3843 933 3908 dimotis
955 3844 1090 3907 nubibus
1114 3844 1237 3907 erroris
1261 3844 1407 3919 emicuit,
1431 3838 1538 3904 mariue

233 3937 275 4027 in
300 3938 449 4014 Plotius,
489 3941 542 4025 qui
567 3939 752 4004 Platonicus
779 3938 990 4023 philosophus
1016 3938 1061 4000 ita
1087 3939 1153 4001 eius
1180 3937 1287 4001 similis
1316 3938 1467 4023 indicatus
1487 3939 1537 3999 este

122 4084 127 4108 ,
238 4043 276 4093 ut
295 4030 386 4094 simul
405 4052 461 4096 eos
484 4033 620 4108 vixisse,
646 4045 763 4096 tantum
779 4044 882 4099 aritem
904 4032 1036 4096 interest
1051 4032 1224 4115 temporis,
1249 4043 1283 4096 ut
1306 4033 1337 4095 in
1355 4028 1484 4094 hoe'ille
1501 4041 1538 4084 rt·

240 4123 362 4188 vixisse
383 4130 538 4206 putandus
563 4128 615 4191 sit.

326 4220 427 4283 xlx.
458 4221 510 4283 tt.
541 4223 655 4307 Itaque
683 4243 766 4286 nime
793 4221 1004 4306 philosophos
1034 4242 1100 4284 uon
1123 4220 1193 4299 fere
1226 4220 1386 4295 ridemus,
1422 4210 1475 4279 nisi
1500 4215 1537 4312 all

239 4312 382 4395 Cynicos
407 4327 460 4378 aut
485 4315 720 4397 Peripateticos
743 4327 795 4377 ant
820 4315 1023 4380 Platonicos.
1083 4316 1127 4377 Et
1147 4313 1288 4393 Cynicos
1313 4313 1457 4397 quidem,
1484 4318 1536 4386 ΨΜ

194 4435 206 4449 ’
239 4429 295 4473 eos
325 4409 408 4471 ritae
433 4412 588 4493 quaedam
621 4411 755 4472 delectat
783 4408 913 4473 libertas
944 4419 1040 4493 atque
1070 4407 1208 4471 licentia.
1265 4409 1361 4488 Quod
1392 4416 1483 4468 autem
1508 4390 1534 4454 tl

239 4503 447 4565 eruditionem
472 4503 711 4586 doctrinamque
732 4502 860 4578 attinet,
895 4514 926 4564 et
951 4523 1057 4565 mores
1080 4502 1196 4585 quibus
1222 4503 1399 4566 consulitur
1424 4494 1532 4562 ammte,

239 4597 313 4683 quia
337 4620 402 4662 non
423 4598 594 4660 defuerunt
612 4596 782 4660 acutissimi
802 4609 834 4659 et
858 4595 1070 4683 sollertissimi
1092 4595 1174 4670 viri,
1209 4597 1263 4680 qui
1285 4599 1435 4660 docerent
1453 4587 1533 4687 dispe·

234 4692 410 4756 tationihus
435 4691 501 4755 suis
519 4690 725 4755 Aristotelem
748 4713 785 4753 ac
803 4690 971 4754 Platonem
996 4689 1040 4751 ita
1065 4688 1125 4751 sibi
1146 4690 1336 4764 concinere,
1362 4699 1395 4750 nt
1412 4684 1533 4762 imperent

236 4784 401 4866 minusque
426 4786 551 4847 attentis
573 4785 737 4848 dissentire
762 4784 946 4855 videantur,
973 4783 1077 4845 miritis
1101 4783 1227 4866 quidem
1257 4783 1372 4846 seculis
1399 4773 1530 4867 multisqttt

239 4878 514 4959 contentionibus,
540 4882 595 4942 sed
614 4890 716 4945 tamen
740 4877 875 4958 eliquata
896 4887 966 4950 est,
990 4888 1026 4939 ut
1048 4876 1186 4957 opinor,
1212 4899 1272 4939 tina
1296 4874 1466 4939 verissimae
1480 4861 1530 4944 pb·

238 4969 396 5051 osophiae
420 4971 597 5054 disciplina.
642 4974 717 5036 Non
739 4971 821 5033 eninr
841 4982 889 5034 est
907 4969 975 5036 ista.
989 4970 1083 5034 huius
1099 4971 1206 5034 mundi
1225 4968 1441 5054 philosophia,
1462 4968 1528 5044 quan
