3226 5488
460 460 462 469 J
510 447 516 457 ·
566 390 872 508 tacunarum.
1324 435 1415 540 au⁸

68 566 185 641 nemeti
207 571 345 639 dederit:
371 593 518 658 =namque
539 571 574 634 id
593 571 779 637 indecorum
799 572 938 637 sortasse
960 571 1094 656 putavit.
1142 573 1277 657 Semper
1302 573 1385 655 enim

64 668 247 734 Academici
269 678 522 749 cognomentum
535 664 676 728 retinuit.
710 711 734 737 ‚„
743 668 866 729 Verum
881 662 913 729 iu
928 666 1063 729 decretis
1075 667 1267 753 placitisque
1282 670 1385 734 omni·

63 765 124 826 bus
147 773 217 825 erat
236 761 295 841 (uti
318 758 458 824 Cicero¹
481 759 537 838 ait)
559 757 587 820 si
607 764 768 839 perpauca
788 759 991 845 mutavisset,
1018 761 1273 844 germanissimus
1297 763 1384 827 Stoi-

62 854 153 918 cus.”
209 853 240 917 A
261 853 406 919 ,Philone
436 851 561 934 quidem
584 862 617 914 et
639 849 801 914 Carneade
824 853 1035 936 Arcesilaque
1066 875 1234 940 novaeque
1257 856 1384 920 Acade-⁸

63 949 145 1021 miae
167 947 314 1010 universa
336 946 502 1028 disciplina
521 955 660 1027 apertam
685 944 909 1028 discessionem
931 945 1026 1021 lecit,
1043 976 1047 984 =
1066 968 1125 1010 nec
1145 947 1179 1010 id
1200 949 1270 1030 ipse
1292 950 1386 1014 dissi·
1464 986 1467 991 1

65 1042 225 1104 mulabat:
250 1060 359 1101 verum
382 1040 421 1100 ad
443 1037 598 1121 antiquam
622 1037 766 1100 Platonis
789 1050 820 1113 et
844 1039 1038 1103 Xenocratis
1061 1050 1307 1127 ceterorumque
1330 1065 1386 1107 ve·

65 1146 182 1209 terum,
206 1152 286 1217 quae
309 1134 349 1195 ad
368 1132 589 1205 Polemonem,
613 1151 705 1212 quem
727 1130 796 1211 ipse
818 1132 953 1199 maxime
975 1135 1145 1214 probabat,
1169 1139 1384 1218 perdurasset,

62 1229 221 1312 migrasse
243 1225 383 1302 dicebat,
418 1223 547 1308 quasis
570 1244 656 1287 nova
677 1222 709 1286 iu
723 1232 872 1289 'veterem
895 1229 1036 1290 domum.
1080 1228 1275 1314 Veterisque
1296 1234 1386 1297 Aca·

62 1321 203 1386 deminae
231 1318 413 1401 disciplinae
435 1317 622 1392 restitutor,
660 1317 751 1398 quasi
772 1329 847 1381 tuuc
876 1319 1071 1402 postliminio
1092 1323 1253 1386 redeuntis
1275 1325 1387 1412 audire

62 1416 207 1479 volebat.
252 1415 344 1477 Haec
377 1424 408 1476 et
442 1415 595 1496 quaedam
624 1410 685 1475 alia
716 1415 754 1476 de
776 1412 940 1477 Antiocho
963 1413 1162 1482 aCicerone
1183 1418 1214 1480 in
1235 1417 1274 1481 iis
1297 1419 1384 1482 libris

64 1507 332 1575 Academicorum
355 1507 409 1590 qui
430 1505 543 1587 reliqui
565 1516 654 1581 sunt,
693 1519 998 1583 commemorantur,
1036 1509 1197 1599 ipsiusque
1218 1511 1386 1577 universae

64 1601 229 1667 doctrinae
259 1600 341 1664 ratio
371 1601 430 1663 sub
452 1598 612 1662 Varronis
635 1618 772 1679 persona
794 1600 826 1661 in
849 1600 953 1682 primo
980 1601 1062 1665 libro
1085 1601 1261 1669 luculenter
1282 1626 1386 1687 expo·

64 1695 165 1758 nitur.
209 1695 248 1757 In
280 1693 419 1757 Lucullo
442 1714 570 1776 quoqne
593 1692 698 1755 omnia
720 1712 758 1754 ea
781 1693 906 1769 Stoica,
941 1717 1021 1778 quae
1044 1698 1082 1760 de
1105 1696 1246 1762 veritatis
1267 1697 1385 1767 iudicio

64 1789 232 1863 dicamtur,
271 1808 313 1850 ex
333 1785 487 1850 Antiochi
507 1785 660 1848 sententia
682 1796 805 1867 srtmpta
826 1799 919 1850 sunt:
955 1811 1089 1873 namque
1123 1795 1210 1875 quod
1231 1796 1270 1855 ad
1291 1794 1385 1859 crite·

64 1882 148 1946 rium
171 1881 299 1955 attinet,
324 1879 450 1955 Stoicus
474 1879 601 1943 omnino
622 1889 703 1941 erat.
747 1880 786 1942 Iu
808 1881 942 1944 naturali
964 1893 1066 1946 autem
1089 1895 1120 1947 et
1141 1887 1256 1950 morali
1277 1888 1386 1970 philo·

65 1973 183 2056 sophia
211 1974 302 2035 etiam
336 1994 430 2056 quum
461 1972 628 2036 Platonica
648 1970 764 2054 placita
786 1973 944 2056 explicate
972 1978 1163 2057 profitetur,
1199 1982 1386 2066 plerumque
1487 2008 1492 2019 ⁸

65 2069 178 2132 Stoam
200 2065 304 2148 sapit:
338 2076 373 2128 ut
394 2065 422 2128 si
441 2063 495 2128 hic
517 2076 600 2140 esset
621 2064 730 2140 locus,
765 2070 932 2131 ostendere
953 2089 1132 2151 possemus.
1176 2074 1282 2154 Ortum
1305 2096 1386 2141 vero

65 2161 178 2224 Stoica
198 2160 316 2235 refert,
341 2159 419 2223 mire
441 2181 518 2244 erga
537 2159 591 2221 illa
614 2158 765 2235 afficitur,
789 2160 954 2245 ipsamque
973 2166 1054 2227 adeo
1077 2165 1186 2230 Stoam
1209 2170 1386 2239 corre'ctio-
1461 2161 1484 2213 ’ν

65 2275 140 2318 nem
172 2256 344 2338 quandam,
378 2273 442 2315 uon
476 2252 698 2327 mutationem,
736 2253 882 2336 antiquae
916 2256 1061 2320 Platonis
1095 2259 1258 2344 doctrinae
1294 2256 1403 2329 dicits
1473 2265 1486 2279 “

65 2335 234 2431 Namque',
267 2359 303 2409 nt
333 2345 429 2429 tradit
457 2346 615 2420 Sextus2,
649 2345 682 2408 in
710 2343 742 2408 id
772 2348 905 2412 maxime
926 2348 1087 2428 incubuit,
1124 2365 1159 2416 ut
1181 2360 1381 2433 ostenderet,

66 2441 179 2505 Stoica
211 2442 388 2503 decretae
416 2440 550 2502 Socrate
572 2439 772 2523 Platoneque
795 2440 922 2522 petita..
965 2445 1040 2506 No„
1063 2457 1111 2509 e„
1132 2469 1214 2533 ergo
1236 2445 1384 2535 quodlde

66 2536 139 2603 eius
161 2532 345 2616 explicanda
367 2530 519 2594 sententia
542 2527 628 2605 anxii
647 2531 763 2595 simus:
787 2537 874 2617 quod
897 2535 977 2598 enim
996 2539 1089 2602 huius
1112 2546 1384 2619 commentationis

66 2628 201 2704 luisset,
226 2625 259 2689 id
276 2636 344 2702 est,
369 2623 445 2708 quid
467 2626 505 2687 de
527 2623 655 2688 criterio
675 2626 808 2688 senserit
829 2627 1029 2694 Antiochus³
1051 2632 1083 2696 in
1104 2636 1237 2700 medium
1253 2641 1382 2720 afferre,
1415 2636 1418 2640 ⁴

67 2724 145 2786 dnm
168 2718 277 2783 Stoica
297 2719 557 2800 proponebamus
579 2739 640 2791 una
668 2730 716 2781 est
737 2734 919 2799 peractum,
953 2724 1122 2790 utiterum
1144 2733 1297 2813 agendum
1319 2756 1386 2798 110„

67 2814 125 2878 sit.
181 2811 285 2895 Ipsius
307 2831 387 2874 vero
415 2809 532 2897 plapita
553 2810 699 2875 universa
719 2811 750 2879 iu
773 2812 897 2878 morum
918 2828 1014 2901 atque
1034 2818 1065 2882 in
1088 2834 1217 2886 naturae
1237 2827 1385 2906 philow.

56 2898 167 2989 χΙὼῖῧν
190 2925 270 2988 (1⁰³0
291 2903 406 2986 ΡΜἰιῃ
429 2905 457 2966 P
460 2903 612 2980 Ῐᾶῑθΰῑθᾶ,
638 2905 752 2969 maiori
777 2919 880 2972 autem
904 2930 944 2977 ex
965 2900 1057 2994 parti
1079 2915 1187 2979 Stoica
1209 2923 1387 2998 sunt,4hue

70 2998 259 3079 explicanda
280 2999 457 3081 congerere
479 3017 747 3080 supervacaneum
770 3000 936 3077 duximus:
974 3019 1197 3092 praeterquam
1218 3016 1305 3097 quod
1325 3013 1387 3079 im·

62 3106 198 3157 ‘mensae
226 3090 318 3154 molis
354 3100 403 3153 est
435 3087 616 3154 Stoicorum
637 3091 767 3154 moralis
789 3093 971 3178 disciplina,
1010 3092 1048 3163 et'
1061 3100 1200 3168 sortasse
1220 3104 1305 3172 iusto
1328 3109 1388 3173 ali.

69 3187 201 3269 quando
225 3181 385 3265 volpmine
407 3203 425 3245 a
446 3182 557 3259 nobis,
581 3183 608 3246 si
629 3184 718 3248 Deus
740 3198 874 3264 annuat,
897 3193 1072 3259 tractanda.
1243 3258 1249 3277 ,-

114 3328 123 3347 a
157 3277 242 3341 Illud
272 3288 377 3340 antem
407 3279 495 3361 quod
516 3279 555 3341 de
575 3276 740 3347 Antiocho
764 3277 904 3345 Cicer04
924 3284 1073 3367 scripsit:
1107 3290 1183 3355 Non
1206 3293 1387 3365 discessisse

69 3392 144 3436 eum
166 3391 195 3433 a
205 3369 366 3444 Philone,
390 3390 449 3435 nec
470 3372 509 3433 ad
531 3368 673 3434 Stoicum
695 3371 881 3456 magistrum
902 3376 1065 3462 aliquem,
1084 3385 1192 3468 quales
1209 3402 1298 3454 erant
1312 3396 1388 3460 tune

68 3464 207 3531 Athenis
238 3465 448 3527 Mnesarchus
472 3475 504 3526 et
524 3463 692 3528 Dardanus
714 3465 876 3548 principes
898 3469 1102 3553 Stoicorum,
1140 3500 1174 3541 se
1195 3487 1387 3565 contulisse3

70 3560 182 3643 quod,
217 3557 245 3621 si
267 3558 375 3622 Stoica
395 3557 442 3621 illi
461 3557 651 3641 placebant,
684 3559 792 3625 lacere
813 3561 992 3632 debuisseta
1029 3591 1107 3635 cnm,
1121 3572 1190 3637 istis
1220 3579 1388 3647 Numenii⁶
1425 3620 1431 3625 ·
1513 3614 1522 3623 ’

69 3672 139 3717 non
161 3653 348 3716 concordat.
405 3652 551 3729 Φίλωνος
572 3654 608 3718 δὲ
632 3652 755 3739 γίνεται
779 3650 943 3738 ἀκουστὴς
959 3657 1129 3752 Ἀντίοχος
1152 3669 1264 3762 ἑτέρας
1286 3671 1397 3766 ἄρξας

65 3739 283 3832 Ἀκαδημίας.
325 3739 514 3855 Μνησάρχῳ
531 3745 611 3831 γοῦν
630 3748 676 3838 τῷ
697 3748 841 3840 Στωϊκῷ
860 3749 1027 3838 σχολάσας
1046 3760 1177 3828 ἐναντία
1207 3768 1329 3837 Φίλωνι
1343 3773 1391 3839 τῶ

70 3839 257 3932 καθηγητῇ·
281 3839 459 3930 apponens,
493 3839 595 3930 μυρία
612 3864 657 3935 Ὶτε
688 3842 763 3924 ξένα
785 3845 935 3936 anonimo
964 3851 1004 3944 τῇ
1029 3847 1232 3948 Ἀκαδημίᾳ,
1263 3861 1296 3925 id
1319 3841 1387 3930 est‘:

72 3933 221 4002 Philonis
244 3954 324 3996 vero
347 3935 472 3998 auditor
492 3934 554 3999 luit
575 3935 774 4016 Antiochus,
798 3933 854 4021 qui
876 3939 1138 4012 alii‘Acadcmiae
1152 3950 1272 4019 initium
1289 3959 1389 4024 dedit.

73 4029 272 4093 Mnesarcho
294 4027 392 4112 igitur
413 4027 525 4093 Stoico
548 4050 648 4111 opera
668 4043 798 4109 navata,
824 4030 955 4101 Philoni
970 4041 1121 4124 magistro
1137 4024 1388 4117 contriciasen.

73 4120 136 4195 sit,
158 4119 384 4204 innumeraque
407 4121 508 4185 aliena
527 4123 718 4187 Academiae
740 4126 871 4217 affinxit.
917 4131 981 4194 Sed
1003 4133 1075 4198 vide
1096 4138 1188 4203 etiam
1210 4144 1250 4206 de
1270 4145 1387 4209 Antio-

74 4214 141 4371 qlgo
163 4218 330 4384 §qqudam
366 4218 449 4298 apud
479 4216 524 4280 D.
556 4217 772 4302 Augustinum
802 4221 925 4287 contra
953 4229 1119 4296 Aeaeam.
1152 4235 1212 4301 tib.
1246 4238 1280 4302 3.
1315 4260 1406 4324 cap„

160 4401 236 4482 Ipse
260 4399 377 4466 Cicero
406 4412 438 4466 et
459 4401 604 4468 Philonis
627 4414 658 4466 et
679 4404 833 4473 Antiochi
857 4411 983 4485 scholas
1003 4414 1236 4500 frequentavit,
1271 4424 1389 4489 Antio·
1498 4403 1507 4418 ¹

74 4493 232 4578 chumque
252 4515 371 4557 amasse
393 4507 425 4558 et
446 4496 487 4558 ab
509 4495 564 4560 illo
586 4496 749 4562 dialectica
771 4501 915 4572 didicisse
938 4506 1082 4573 scribut.
1127 4514 1250 4577 'Verum
1273 4516 1303 4580 in
1318 4519 1389 4600 phi.

74 4586 253 4668 losephicis
275 4588 421 4654 Philonis
441 4588 549 4672 petius
570 4590 688 4673 placita
709 4595 873 4697 amplexus
894 4611 943 4663 est
954 4650 963 4681 ,
986 4614 1020 4665 nt
1034 4603 1133 4686 ipsius
1147 4606 1265 4690 scripta
1280 4622 1397 4693 aperte

75 4742 1392 4789 mm

151 4837 189 4903 (¹)
209 4841 238 4890 tn
257 4837 373 4890 Lucullo
393 4838 427 4892 C.
446 4843 493 4894 22.
537 4836 574 4910 (²)
593 4839 764 4915 Hypotypot·
782 4843 802 4898 l·
822 4852 848 4903 1.
868 4862 893 4901 ο.
913 4854 958 4909 55.
978 4851 1002 4918 §0
1029 4857 1092 4912 235·
1137 4855 1174 4930 (³)
1194 4857 1262 4913 Vide
1281 4861 1316 4916 D.
1337 4867 1392 4919 Au-

75 4923 149 4982 gust.
168 4927 266 4966 contra
285 4912 417 4967 Acadsl.
444 4918 471 4967 2.
492 4912 525 4969 C.
542 4915 569 4970 6.
591 4915 616 4981 §.
648 4918 692 4973 15.
750 4917 776 4984 ²⁸)
804 4924 834 4975 in
852 4918 973 4979 annllo'
996 4925 1029 4982 C.
1054 4935 1099 4986 22.
1133 4931 1170 5007 (⁵)
1191 4934 1271 5009 Apud
1288 4938 1391 4995 Euseb.

76 5000 171 5060 praep.
190 4986 212 5044 l.
231 4991 276 5048 ll.
295 4988 327 5042 C.
347 4991 375 5049 9.
394 5007 422 5062 p.
443 4990 507 5051 759.
545 4984 583 5062 (⁶)
604 4992 634 5045 in
653 4989 712 5046 Luc
754 5010 781 5049 o.
1432 5012 1435 5017 “

655 5166 665 5198 d
