3188 5492
509 408 679 505 mnu.
724 438 920 515 canas.
1002 440 1004 443 ’
1069 434 1108 483 1
1323 416 1383 506 'tis

36 576 260 648 Triturendum
286 592 334 645 est
357 579 475 666 igitur¹
499 581 548 646 his
564 554 702 668 aliquid,
727 582 919 658 dummodo,
944 589 1095 664 qrtanlum
1111 579 1311 659 tribuendum
1326 582 1379 661 sit,

33 676 207 761 intelligas.
241 677 441 740 Esttamen²
461 676 645 759 philosophi
667 696 732 741 uon
746 686 813 737 tana
827 674 980 769 gloriosa,
997 695 1091 759 quam
1105 672 1380 763 vera'quaerentis
1429 752 1432 756 ¹

34 790 91 839 nec
115 790 180 852 pro
205 770 306 833 nihilo
333 782 448 853 putare
472 791 527 848 ea,
551 792 633 856 qnae
656 772 826 832 secrrndum
845 779 988 839 naturam
1010 767 1057 832 illi
1074 767 1135 852 ipsi
1155 769 1290 854 gloriosi
1311 793 1382 838 esse
1476 844 1479 849 ,

32 866 240 937 fatebantur,
266 865 424 928 stridere
443 875 561 928 tantam
581 866 644 929 rim
663 862 811 941 virtutis,
835 868 1036 947 tantamque,
1060 872 1096 926 nt
1113 863 1158 926 ita
1178 862 1300 943 dicam,
1318 859 1381 933 au·
1429 892 1433 895 ·

34 958 218 1022 ctos-itatem
234 958 429 1033 honestatis,
454 969 490 1021 ut
506 958 629 1044 rehqua
647 979 711 1024 non
727 959 780 1022 illa
794 957 921 1042 quidem
936 957 1042 1032 nulla,
1061 960 1117 1020 sed
1131 957 1174 1020 ita
1190 980 1291 1041 parva
1304 961 1395 1040 sint,·

34 1061 68 1113 ut
86 1050 173 1113 nulla
190 1070 265 1114 esse
281 1050 463 1116 videantur.
486 1054 599 1116 Haec³
614 1064 663 1129 est
673 1054 754 1116 nec⁴
769 1052 873 1116 omnia
884 1050 1063 1133 spernentis
1074 1063 1204 1134 praeter
1216 1055 1379 1134 virtudem,

38 1154 68 1205 et
83 1143 242 1207 virtutem
254 1144 354 1226 ipsam
374 1146 439 1209 suis
457 1147 602 1210 laudibus
618 1147 838 1230 amplificantis
853 1144 972 1210 oratio.
997 1145 1146 1230 Denique
1165 1147 1244 1211 haec
1259 1160 1307 1213 est
1322 1172 1382 1213 un-

37 1235 131 1320 dique
161 1238 326 1320 completa
348 1250 380 1302 et
408 1241 553 1322 perfecta
582 1241 755 1324 explicatio
777 1241 890 1303 summi
914 1237 1004 1303 honi.
1048 1239 1134 1301 Hinc
1159 1241 1258 1306 ceteri
1281 1245 1382 1327 parti·

39 1332 123 1393 colas
147 1331 297 1414 arripere
319 1334 427 1398 eonati
451 1356 537 1398 snam
561 1337 696 1424 quisque
719 1336 821 1400 videri
843 1333 948 1398 voluit
970 1331 1087 1395 afferre
1109 1334 1308 1409 sententiam.

117 1427 245 1489 XXV.
272 1427 324 1490 73.
348 1428 452 1512 Saepe
481 1432 521 1493 ab
553 1431 750 1506 Aristotele,
786 1451 804 1492 a
836 1427 1087 1509 Theophrasto⁵
1116 1426 1304 1492 mirabiliter
1333 1440 1383 1497 est

35 1511 156 1584 laudata
182 1532 304 1603 perse
326 1521 395 1605 ipsa
418 1545 525 1598 rerrun
549 1525 690 1588 scientia.
735 1526 812 1588 Hoc
833 1544 898 1586 uno
917 1532 1030 1603 captim
1052 1520 1381 1588 Herillusscientiam

36 1606 189 1677 alimmum
211 1618 334 1679 bonnm
360 1639 430 1680 esse
451 1620 610 1696 defendit,
633 1640 693 1682 nee
712 1638 779 1681 rem
797 1617 894 1680 ullam
911 1615 1002 1677 aliam
1025 1634 1137 1695 perse
1156 1619 1397 1697 expetendam.x
1466 1612 1472 1635 ‘

38 1708 143 1771 Multa
155 1721 233 1771 stant
249 1710 331 1772 dicta
345 1713 385 1774 ab
399 1711 535 1798 antiquis
549 1715 588 1777 de
599 1712 836 1777 contemnendis
848 1730 885 1773 ac
896 1708 1104 1792 despiciendis
1117 1709 1379 1775 rebushumanis.

36 1803 110 1864 Hoc
129 1824 232 1866 unum
252 1805 368 1869 Aristo
390 1806 503 1877 tenuit.
550 1798 686 1872 Praeter
707 1806 783 1870 vitia
804 1817 897 1889 atque
920 1804 1054 1868 virtutes
1075 1801 1207 1887 negavit
1224 1824 1294 1865 rem
1311 1824 1381 1868 esse

37 1895 127 1957 ullam
146 1906 203 1959 atat
218 1896 426 1982 fugiendam,
451 1913 505 1965 ant
523 1904 747 1984 expetendam.
784 1899 932 1965 Positum
952 1908 1037 1960 esta
1059 1895 1178 1960 nostris
1196 1895 1227 1959 in
1245 1895 1306 1960 iist
1327 1918 1381 1962 re-

38 1990 112 2065 lius,
137 2010 222 2073 quae
240 1996 413 2059 secundum
428 2007 571 2060 naturam
587 1984 714 2072 essent,
734 2014 800 2059 non
816 1994 939 2058 dolere.
969 1991 1046 2054 Hoe
1058 1989 1278 2071 Hieronymus
1292 2014 1379 2056 sum·
1436 2038 1439 2041 -

40 2103 118 2144 mum
133 2084 261 2148 bonnam
278 2107 348 2151 esse
359 2088 451 2177 dignit.
483 2091 530 2154 At
545 2112 626 2154 vero
643 2088 849 2171 Calliphonti,
868 2099 899 2150 et
913 2095 989 2169 post
1000 2105 1071 2148 eum
1086 2080 1267 2162 Diodorus,
1282 2108 1379 2172 quum

41 2175 115 2239 alter
129 2179 335 2262 soltrptatem
355 2183 582 2260 adamavisset,
609 2185 688 2247 alter
707 2182 895 2247 vacuitatem
914 2178 1057 2254 doloris,
1082 2189 1195 2242 neuter
1212 2181 1379 2244 honestate

40 2291 145 2337 carere
168 2273 299 2355 potuit,
322 2294 406 2360 quae
427 2289 511 2341 esta
531 2278 649 2343 nostris
671 2279 795 2341 laudata
819 2276 966 2339 maxime.
1010 2274 1067 2337 tt.
1091 2273 1177 2354 Quin
1200 2274 1298 2338 etiam
1315 2275 1379 2358 ipsi

41 2365 212 2448 voluptarii
236 2370 432 2435 deverticula
458 2370 653 2457 quaerunt,
672 2383 704 2436 et
726 2372 874 2434 'virtutes
900 2371 1018 2433 hahent
1039 2367 1070 2430 in
1096 2387 1156 2432 ore
1177 2379 1269 2432 totos
1291 2370 1375 2446 dies,

42 2459 303 2548 voluptatemque
317 2463 423 2546 primo
439 2469 602 2529 dumtaxat
616 2467 725 2550 expeti
738 2465 886 2540 dicunt⁸,
901 2465 1011 2527 deinde
1025 2461 1274 2527 consuetudine⁹
1287 2463 1380 2550 quasi
1394 2487 1397 2495 ’

42 2551 166 2616 alteram
179 2558 376 2639 quandam¹⁰
390 2572 533 2623 naturam
548 2556 645 2636 effici3
663 2581 725 2647 qua
737 2560 866 2644 impulsi
878 2559 974 2623 multa
985 2558 1123 2634 iaciunt,
1145 2556 1261 2620 nttllam
1278 2578 1380 2644 quae·

42 2658 140 2711 rentes
160 2650 376 2731 voluptatem.
423 2654 525 2718 Stoici
544 2666 677 2719 restant.
715 2654 762 2718 Hi
783 2653 909 2739 quidem
933 2674 998 2716 non
1023 2649 1298 2736 unamaliquam,
1323 2660 1380 2721 aut
1488 2713 1490 2725 ,

44 2737 168 2803 alteram
189 2743 326 2824 [remu]
340 2740 482 2824 anobis,
507 2751 562 2811 sed
579 2760 679 2814 totam
694 2753 733 2814 ad
751 2772 785 2814 se
805 2760 948 2814 nostram
959 2746 1194 2831 philosophiam
1209 2749 1378 2814 transtule-

1404 1761 1408 1803 1
1427 1774 1433 1787 l

43 2840 123 2894 mut.
147 2833 274 2920 Atque,
284 2850 318 2900 ut
329 2839 446 2926 reliqui
455 2842 545 2905 sures
557 2864 664 2907 earum
677 2864 796 2921 rerum,
811 2865 889 2929 quas
901 2844 1067 2935 cleperunt
1074 2846 1112 2921 ¹²,
1130 2844 1223 2930 signa
1234 2866 1379 2908 commu·
1410 2836 1412 2847 '
1504 2881 1508 2891 ι
1526 2853 1534 2877 .

44 2933 123 3003 tant,
148 2927 197 2991 sic
212 2929 281 3008 illi,
303 2943 339 2994 nt
354 2934 516 2998 sententiis
527 2937 685 3000 nostris¹³
698 2961 761 3021 pro
774 2939 837 3002 suis
853 2949 1037 3012 uterentur,
1054 2938 1199 3015 nomina,
1218 2950 1377 3021 tamquam

45 3036 144 3083 rerum
157 3035 272 3099 notas,
290 3027 506 3092 mutaverunt.
548 3031 598 3093 Ita
614 3032 803 3117 relinquitur
821 3033 890 3099 sola
907 3033 986 3096 haec
1001 3033 1182 3115 disciplina,
1195 3032 1293 3118 digna
1311 3043 1379 3094 stu·

47 3110 135 3176 dionis
152 3115 365 3201 ingenuarum
385 3121 517 3201 artiuni,
542 3123 638 3209 digna
657 3125 806 3203 eruditis,
827 3126 926 3212 'digna
944 3126 1038 3190 elaris
1058 3127 1155 3204 viris,
1175 3127 1270 3212 digna
1288 3117 1379 3208 ptin-

47 3202 216 3288 01111811,
237 3211 334 3298 digna
350 3215 496 3302 regibus.
532 3218 585 3288 75.
602 3220 692 3302 Quae
708 3243 804 3307 quum
817 3221 950 3285 dixisset
971 3220 1175 3307 paullumque
1198 3218 1375 3295 institisset,

49 3294 127 3376 Quid
144 3315 212 3382 est,
236 3306 339 3392 inquit
347 3309 386 3386 ¹⁵3
409 3309 525 3377 satisne
543 3313 638 3379 robis
657 3314 771 3381 videor
789 3337 851 3399 pro
869 3337 942 3381 meo
960 3318 1030 3380 iure
1050 3314 1083 3379 in
1106 3314 1224 3380 vestris
1246 3314 1377 3379 auribus

56 3461 1379 3495 Ἢ...

116 3574 153 3641 (¹)
172 3592 239 3631 com
260 3578 332 3635 edd.
351 3581 395 3639 M.
412 3582 447 3637 G.
467 3587 494 3639 2.
513 3605 551 3644 =
570 3591 611 3657 ig.
631 3596 675 3640 est
692 3589 725 3644 P.
743 3592 778 3643 V.
798 3591 829 3642 L.
851 3591 885 3644 D.
906 3595 933 3648 1.
984 3587 1023 3664 (²)
1041 3618 1082 3633 -
1099 3592 1172 3641 enlm
1191 3588 1226 3643 1).
1246 3597 1321 3663 susp.
1340 3604 1382 3645 oo

49 3652 135 3700 erdem
155 3651 198 3706 ¹G.
224 3671 300 3728 susp.
353 3654 392 3731 (i)
418 3659 465 3713 Sic
490 3663 532 3715 M.
552 3660 583 3715 1..
604 3663 685 3735 Seqq.
706 3688 741 3707 ι-
760 3665 822 3717 Hoc
840 3667 959 3720 Priores.
1009 3665 1048 3740 (⁴)
1069 3664 1116 3718 Sic
1136 3665 1168 3720 L.
1188 3668 1217 3716 in
1237 3680 1274 3719 m.
1296 3669 1379 3726 1581.

52 3718 125 3776 Grut·
155 3728 239 3802 Seqq.
262 3760 301 3773 -
325 3750 384 3784 non
410 3736 530 3791 Priores.
580 3738 617 3806 (⁵)
643 3740 691 3794 Sic
717 3743 747 3793 P.
773 3744 804 3794 V.
832 3741 917 3795 Grut.
936 3740 1017 3812 Seqq.
1037 3748 1123 3791 —st
1142 3738 1194 3793 Th.
1215 3742 1262 3795 Cr.
1282 3732 1324 3794 M.
1345 3741 1378 3794 L.

52 3791 144 3867 (1)·-
169 3803 215 3855 ιι.
239 3809 270 3861 r.
289 3811 322 3859 v.
342 3808 379 3862 G.
400 3815 426 3866 a.
478 3811 515 3884 (⁷)
543 3811 590 3865 ste
615 3815 680 3877 scu.
708 3822 735 3870 2.
755 3818 794 3859 ’-’-
813 3816 939 3888 campio
959 3810 1067 3869 cerem
1108 3815 1214 3890 (sisu
1234 3820 1378 3870 vassum.

54 3873 226 3937 emendarunt
255 3884 285 3934 L.
311 3899 339 3936 et
364 3881 445 3947 Ern..
478 3904 592 3959 uterque
617 3890 732 3945 eandem
758 3896 788 3944 in
807 3890 837 3948 Ε.
858 3891 996 3945 incidens.
1015 3901 1154 3963 praeerunt
1172 3890 1272 3945 saltem
1292 3891 1378 3946 habet
1479 3929 1481 3933 -

53 3943 98 3999 Cd.
114 3950 183 4014 Ball.
211 3958 416 4029 Saepenumero
436 3976 529 4016 autem
549 3972 698 4037 postqum
712 3972 813 4032 etiam,
835 3969 888 4022 hoc
908 3984 990 4021 sensu
1010 3984 1181 4041 usurpatum,
1203 3983 1231 4020 et
1252 3976 1285 4018 ut-
1301 3985 1380 4021 com-

53 4030 312 4089 parativnmltbrarti
323 4034 411 4088 indic.
422 4040 451 4090 ln
461 4045 655 4096 coniunctivos
669 4056 822 4096 mutarunt.
835 4074 873 4086 -
889 4051 1028 4114 quaerant
1036 4075 1055 4086 -
1064 4075 1083 4087 -
1092 4042 1214 4095 habeant
1226 4064 1271 4086 -‘-
1281 4043 1380 4094 dicant

55 4094 147 4155 Ceteri.
175 4113 343 4178 (quaerunt,
375 4120 407 4163 ut
424 4118 494 4166 virt.
515 4115 551 4168 D.
567 4133 646 4190 susp.
666 4147 702 4162 -
722 4126 875 4189 quaerant,
905 4128 935 4171 ut
955 4128 983 4170 ct
1000 4124 1071 4172 nire.
1092 4118 1127 4173 G.
1148 4136 1222 4192 susp.
1243 4117 1385 4183 inmunp

55 4167 90 4236 (⁹)
108 4192 167 4229 cum
188 4181 258 4236 Cdd.
277 4186 308 4239 P.
329 4186 375 4239 Cr.
396 4189 428 4240 V.
448 4188 483 4242 D.
504 4190 584 4264 Seqq.
604 4210 643 4243 -t-
660 4195 886 4247 consuetudinem
906 4195 947 4248 M.
970 4199 1059 4259 1555.
1072 4193 1103 4247 L·
1148 4193 1199 4268 (²⁰)
1218 4210 1283 4246 cum
1305 4193 1379 4266 Spit-

55 4241 106 4301 Erl.
124 4255 184 4309 altis
204 4258 271 4312 Cdd.
292 4262 338 4315 Cr.
359 4261 394 4316 G.
414 4292 453 4305 -
471 4282 528 4320 om.
547 4267 687 4338 quandam
714 4269 817 4323 Ceteri.
868 4270 919 4345 (¹¹)
945 4286 983 4323 oto
1009 4288 1069 4321 rem
1094 4268 1128 4321 de
1153 4269 1188 4322 D.
1210 4266 1239 4324 Ε.
1260 4274 1379 4321 inseruit

57 4317 87 4372 G·
109 4324 167 4400 Ego
187 4340 289 4388 retinui
310 4353 374 4389 cnm
395 4338 437 4410 [].
465 4369 502 4383 —
520 4359 583 4413 ¹orn.
615 4342 686 4397 Cdd.
711 4336 780 4397 Eds.
807 4360 925 4400 ceterae.
950 4372 987 4386 -
1014 4350 1181 4396 sententiam
1207 4344 1380 4419 Lambinus,

56 4407 90 4447 θῶ
103 4412 210 4468 portem
222 4408 350 4466 Bremius
370 4412 505 4470 excidisse
525 4434 701 4474 censuerunt.
722 4419 773 4495 (¹2)
791 4450 831 4463 -
848 4429 981 4493 ceperunt
1000 4419 1068 4474 Cdd.
1089 4424 1159 4472 noti.
1179 4418 1249 4472 Edd.
1270 4436 1378 4471 omnes.

57 4485 156 4539 praeter
181 4483 248 4540 Lali.
275 4500 313 4541 oo
332 4489 490 4561 clepserunt
515 4496 545 4545 in
570 4493 638 4548 Cdd.
665 4495 731 4568 aliq.
755 4508 861 4549 exstare
882 4493 998 4550 testatur
1017 4497 1144 4553 Muretus
1165 4495 1202 4549 V.
1221 4495 1254 4547 L.
1275 4499 1312 4559 9,
1335 4496 1379 4552 19.

58 4544 162 4623 Recepit
186 4560 254 4614 Lall.
276 4563 398 4618 Alteram
424 4581 517 4620 tamen
542 4566 660 4623 formam
688 4562 831 4643 cleperent
853 4577 954 4626 merito
975 4570 1182 4626 commendavit
1201 4568 1331 4633 Davisius
1352 4586 1380 4623 et

59 4616 189 4685 Hermann
209 4635 242 4688 de
262 4637 402 4712 Aeschyli⁴
415 4640 532 4697 Philoet.
553 4663 579 4718 p.
599 4653 626 4707 8.
648 4636 789 4715 Accedit,
810 4647 883 4718 quod
903 4650 934 4702 P·
957 4655 1040 4708 1180.
1061 4650 1168 4699 omittit
1189 4648 1318 4708 verbumt
1336 4644 1381 4699 ‘id

60 4699 124 4783 (111οᾶ
143 4711 219 4779 signo
238 4729 301 4779 est,
320 4720 348 4767 io
371 4712 442 4783 Cd.,
475 4735 557 4789 qucm
578 4728 762 4795 expresserit,
794 4740 951 4776 monstrum
972 4720 1082 4794 aliquod
1102 4725 1289 4795 corruptionis
1303 4725 1384 4774 exci-

61 4779 127 4832 true,
157 4782 208 4836 Vix
233 4787 414 4855 dubitandum
440 4793 468 4846 h.
487 4794 509 4849 1.
527 4797 760 4871 Οῐωοιίρείιιο
785 4800 941 4872 cleperunt:
973 4794 1030 4852 non
1056 4801 1131 4851 enim
1157 4813 1266 4871 poterat
1288 4796 1381 4849 dicere

61 4858 106 4899 ¹¹⁰0
123 4851 221 4923 furati
243 4873 333 4928 stent,
364 4884 417 4930 nec
442 4881 612 4940 rapuerunt,
642 4889 695 4926 nee
714 4873 907 4938 abstrderunt,
941 4874 1058 4947 ideoque
1077 4888 1107 4926 ut
1126 4873 1160 4924 de
1179 4873 1246 4943 Rep.
1267 4891 1295 4944 p.
1315 4875 1381 4930 1125.

64 4939 297 5088 cd⁰⁶M³outhpi⁵qre
317 4960 433 5086 pompis?
454 4960 504 4999 est.
549 4947 602 5076 (ἓέ
621 4971 666 5076 ᾗ
677 4956 785 5001 nostris
804 4959 874 5005 sent.
896 4951 928 5002 V.
981 4952 1086 5018 (11)-
1106 4966 1161 5003 οιιι.
1183 4948 1272 5019 digna
1289 4952 1381 5022 prino.

101 5036 106 5048 ·
173 5047 179 5060 ·
285 5042 323 5069 -n
368 5024 542 5092 ui.inpnit
604 5061 612 5075 .
668 5043 694 5078 o.
1076 5045 1077 5049 ¹
