3288 5490
575 427 669 495 ΜΒ.
693 428 742 493 11.
786 424 829 499 C·
853 425 908 494 25.
931 424 985 492 id.
1362 414 1366 421 ⁴
1406 428 1448 496 85

104 568 211 654 Quasi
226 581 414 654 quaeratur,
431 568 514 657 *quid
535 568 588 648 sit,
622 591 686 634 non
705 569 780 656 quid
794 566 957 634 rideatur!
982 564 1277 654 Sed¹hicquide1n
1292 568 1449 639 maiorum

104 664 240 747 similis:
259 668 294 726 tu
308 681 405 739 uero,
423 663 476 750 qui
493 665 559 729 visa
580 665 724 729 sensibus
741 664 798 728 alis
815 661 991 728 vendicas
1006 682 1090 738 esse,
1107 662 1166 727 alia
1179 663 1272 739 falsa,
1288 666 1341 748 qni
1357 663 1450 729 eadi-

103 758 271 846 stinguisi
300 756 455 837 Desine²‚
480 779 620 845 quaeso,
643 750 863 823 communibus
882 757 983 840 locist
1009 757 1095 823 domi
1113 759 1207 824 nobis
1225 757 1288 821 ista
1312 780 1449 822 nascun-

102 862 179 917 tur.
213 852 260 931 Si,
279 849 397 937 inquis,
414 853 514 916 deus³
527 865 559 917 te
575 853 770 940 interroget,
788 853 874 917 sanis
889 854 986 918 modo
1002 863 1034 916 et
1047 852 1181 939 integris
1196 852 1353 928 sensibus,
1373 874 1449 916 num

106 947 244 1030 amplius
262 945 339 1032 quid
354 945 560 1010 desiderarit
576 983 618 996 -
640 947 738 1033 quid⁵
754 945 977 1033 respondeas?
990 977 1032 991 ·-
1047 947 1176 1011 Utinam
1190 946 1315 1032 quidem
1330 948 1447 1032 roget!

105 1040 248 1117 Audiat,
272 1061 368 1124 quam
390 1040 557 1107 nobiscum
579 1042 660 1107 uate
684 1040 823 1133 egeritf’.
868 1042 915 1106 Ut
940 1037 1021 1104 enim
1045 1062 1123 1105 vera
1147 1032 1327 1115 ridesmris,
1353 1061 1448 1125 quam

104 1136 206 1220 longe
218 1133 407 1201 videmus⁷i
436 1135 513 1219 Ego
533 1133 644 1199 Catuli
658 1133 837 1201 Cumanum
853 1155 893 1198 ex
908 1135 972 1199 hoc
990 1134 1065 1200 ioco
1080 1135 1189 1199 video:
1215 1134 1448 1217 Pompeianum

104 1249 172 1293 nou
196 1229 336 1303 cernu⁸3
365 1249 470 1312 neque
494 1229 666 1315 quidquam
686 1229 886 1295 interiectum
906 1228 974 1305 est,
999 1216 1089 1313 quod
1102 1231 1230 1293 obstet:
1255 1231 1312 1293 sed
1326 1225 1449 1292 intendi

104 1320 237 1406 longius
259 1321 366 1389 acies⁹
385 1345 450 1386 non
472 1336 594 1407 potest.
640 1324 671 1388 0
693 1316 1144 1407 praeclarum'prospectum!
1175 1322 1334 1387 Puteolos
1356 1321 1446 1386 ride-
1486 1328 1489 1337 '

105 1439 199 1481 snus:
223 1427 255 1478 st
276 1414 463 1480 familiarem
486 1429 631 1482 nostrum
650 1417 693 1483 C.
710 1417 869 1484 Avisnum
879 1418 920 1493 ¹⁰,
945 1417 1084 1482 fortasse
1106 1417 1138 1480 iu
1159 1415 1287 1499 porticu
1302 1413 1448 1499 Neptuni

1 1585 2 1590 γ
106 1510 339 1586 ambulantem,
364 1531 428 1574 non
445 1509 600 1576 videmus.
644 1513 699 1576 81.
730 1513 777 1577 At
798 1512 851 1575 ille
874 1509 983 1574 nescio
1007 1508 1079 1596 qui,
1113 1508 1221 1596 quiin
1244 1509 1362 1574 scholis
1386 1531 1446 1574 no·

105 1603 220 1668 minari
235 1604 336 1679 solet,
361 1604 446 1667 mille
461 1617 494 1668 et
509 1606 708 1692 octogints¹¹
725 1605 824 1669 stadia
839 1606 927 1689 quod
942 1605 1089 1681 abesset,
1113 1603 1256 1667 videbat.
1272 1639 1314 1652 ·-
1337 1603 1444 1684 stac·

105 1701 177 1761 dsm
199 1699 349 1781 volucres
378 1699 521 1783 longius.
566 1701 810 1783 Respondcrem
839 1698 940 1784 igitur
971 1699 1126 1762 audacter
1153 1696 1206 1761 isti
1234 1706 1346 1761 v'estro
1369 1698 1444 1774 deo,

57 1833 61 1841 ι
104 1812 156 1855 me
185 1792 278 1873 plane
307 1790 356 1854 his
386 1791 489 1856 oculis
518 1815 582 1858 non
593 1815 680 1891 lesse
708 1805 905 1859 contentum.
948 1792 1045 1858 Dicet
1056 1793 1083 1835 ¹²
1105 1813 1156 1855 mc
1186 1791 1289 1859 scrius
1319 1788 1444 1868 ridere,

105 1906 203 1970 quam
225 1885 335 1949 ἱΙΙοε13
356 1885 461 1968 pisces
482 1887 636 1964 fortasse,
661 1887 842 1974 quinoque
865 1886 1013 1950 videntur
1036 1883 1187 1963 anobis,
1213 1897 1244 1949 et
1266 1906 1349 1948 nunc
1371 1884 1442 1971 qui·

104 1982 176 2043 dem
192 1981 260 2063 snb
284 1981 386 2043 oculis
412 1992 504 2057 sunt,
543 2003 646 2068 neque
668 1981 730 2065 ipsi
751 2003 811 2045 nos
833 1978 996 2069 suspicere
1017 1988 1165 2061 possunt.
1198 1978 1304 2065 Ergo
1326 1989 1361 2041 ut
1381 1976 1445 2042 illis
1492 1980 1499 1992 “

104 2070 199 2158 aqud,
216 2073 262 2136 sic
277 2075 369 2137 uobis
385 2077 443 2137 aiir
459 2097 585 2140 crassus
601 2075 788 2141 offunditur.
804 2096 846 2120 ⁴·
865 2076 912 2140 At
927 2072 1060 2156 amplius
1076 2094 1140 2137 non
1156 2072 1383 2137 desideremus.
1400 2102 1443 2116 -
1496 2106 1502 2119 =

106 2166 218 2248 Quid?
239 2167 358 2250 talpam
379 2171 490 2232 nurn¹⁴
505 2171 685 2241 desiderare
707 2170 811 2233 lumen
827 2167 953 2253 putas?
968 2204 1010 2216 -
1032 2169 1146 2254 Neque
1168 2179 1232 2231 tam
1253 2167 1271 2202 ‘⁸
1287 2186 1443 2253 quererer
1514 2184 1541 2213 ἰ

105 2283 178 2324 cum
201 2263 282 2338 deo,
307 2266 395 2348 quod
417 2285 528 2347 purum
551 2267 668 2350 longe,
703 2287 796 2349 quam
818 2265 906 2350 quod
926 2258 1257 2326 falsum.viderem¹⁵i
1291 2260 1443 2329 Videsne
1517 2326 1526 2351 s

78 2440 81 2444 .
103 2377 220 2418 navem
234 2356 346 2419 iiiam?
369 2359 464 2421 Stare
479 2360 573 2423 uobis
589 2359 736 2424 videtur:
760 2371 792 2422 at
807 2359 864 2435 iis,
889 2355 992 2443 quiin
1013 2354 1086 2420 nari
1107 2366 1200 2432 sunt,
1224 2351 1349 2418 moveri
1364 2355 1449 2418 haec

104 2447 194 2511 vilia.
240 2450 370 2533 Quaere
390 2453 567 2529 rationem,
592 2476 650 2517 our
671 2454 715 2517 ita
738 2453 903 2518 rideatur:
936 2470 1029 2536 quam
1052 2459 1088 2512 ut
1108 2446 1246 2513 maxime
1268 2445 1442 2523 inveneris,

105 2545 195 2627 quod
216 2542 301 2608 haud
323 2545 412 2623 scio,
437 2569 476 2610 an
491 2569 557 2612 non
566 2548 594 2588 ¹⁶
608 2548 731 2632 possis3
755 2569 820 2612 non
842 2548 924 2626 tu¹⁷,
948 2549 1058 2609 v‘erum
1082 2555 1196 2608 testem
1218 2544 1359 2619 habere,
1383 2541 1443 2605 sed

5 2712 6 2721 ἵ
104 2655 175 2699 eum
198 2657 264 2713 non
287 2637 353 2701 sine
376 2662 470 2705 carisa
493 2641 608 2705 falsum
629 2641 843 2705 testimonium
858 2641 990 2716 dicere,
1015 2637 1206 2702 ostenderis.

5 2730 9 2821 ζ
189 2731 328 2795 XXVI.
352 2733 405 2797 32.
430 2734 550 2816 Quid¹³
565 2756 629 2821 ego
646 2732 683 2799 de
699 2734 797 2799 navi?
820 2733 899 2798 Vidi
920 2732 1003 2796 enim
1025 2752 1045 2795 a
1065 2743 1096 2794 te
1118 2751 1239 2794 remum
1262 2725 1439 2795 contemni.

104 2822 236 2887 Maiora
258 2825 562 2914 fortasse'quaeris.
608 2828 695 2911 Quid
723 2840 832 2912 potest
861 2849 930 2892 esse
952 2826 1021 2890 sole
1044 2822 1182 2905 maiusiq
1201 2846 1295 2910 quem
1318 2823 1441 2885 mathe-

6 2946 7 2951 1
104 2917 211 2981 matici
232 2918 367 3001 amplius
389 2922 612 3009 duodeviginti
633 2924 778 3006 partibus
800 2924 992 2986 confirmant
1014 2918 1167 2983 maiorem
1191 2939 1279 2994 esse,
1307 2915 1439 2999 qusm¹⁹

104 3023 236 3076 terram.
276 3013 454 3092 Quantulus
470 3016 562 3081 nobis
578 3016 722 3082 videtur!
746 3016 834 3083 Mihi
852 3017 977 3105 quidem
1000 3012 1090 3098 qussi
1103 3011 1238 3097 pedalis.
1275 3010 1440 3094 Epicurus
1524 3032 1531 3055 ¹

106 3117 211 3168 autem
221 3104 318 3188 posse
330 3120 420 3195 putat
433 3110 526 3173 etism
538 3110 692 3175 minorem
704 3132 773 3176 esse
786 3103 870 3188 e'um,
888 3132 982 3196 quam
998 3109 1155 3185 videatur,
1173 3108 1306 3171 sednon
1319 3104 1419 3168 multo
1428 3106 1443 3178 ’ς’

181 3274 219 3343 (¹)
250 3292 288 3330 ω
313 3277 359 3328 su
386 3277 490 3333 scus.
516 3262 583 3351 aui.
602 3281 652 3335 c.
670 3306 710 3326 -
732 3282 779 3334 sn
798 3278 869 3335 css.
888 3279 954 3350 susq.
974 3277 1006 3331 n.
1026 3277 1062 3330 u.
1075 3276 1108 3330 v.
1160 3276 1201 3344 (τ)
1233 3274 1281 3329 sse
1300 3274 1337 3326 u.
1355 3274 1389 3326 v.
1409 3275 1440 3326 s.

103 3352 139 3406 u.
161 3363 187 3410 1.
215 3380 252 3394 -
271 3360 300 3403 et
317 3352 412 3404 deum
431 3353 503 3409 css.
523 3354 588 3428 unq.
606 3356 639 3411 n.
667 3371 706 3411 ee
723 3357 775 3408 een
797 3357 891 3408 dune
917 3354 953 3410 c.
977 3350 1007 3409 s.
1026 3357 1053 3408 2.
1105 3349 1147 3422 (ε)
1171 3380 1209 3395 ·-
1230 3355 1273 3400 u·
1286 3340 1357 3421 quau
1372 3349 1441 3421 eus
1552 3343 1556 3347 ·

105 3429 146 3483 Μ.
165 3430 197 3482 i..
213 3433 240 3485 1.
260 3427 318 3494 ’(4)
333 3418 380 3485 oen.
393 3428 532 3482 desideres
545 3434 584 3486 i.
623 3430 664 3506 (⁵)
683 3461 721 3485 -.-
739 3431 815 3506 quod
833 3433 869 3486 G.
888 3429 919 3486 (1.
939 3427 1000 3485 vide
1019 3427 1091 3484 Scis.
1124 3422 1168 3496 (0)
1191 3427 1239 3481 Sic
1256 3426 1352 3480 iocum
1371 3422 1442 3481 'con-

104 3509 256 3556 stituerunt
276 3502 313 3557 G.
326 3504 391 3558 Sch.
406 3509 434 3560 2.
453 3508 548 3578 sicque
567 3505 618 3562 ed.
637 3510 745 3565 Ursini.
764 3506 851 3571 Lali,
872 3511 927 3560 nisi
947 3501 1022 3578 quod
1040 3502 1146 3557 audiet.
1166 3528 1202 3544 ·-
1220 3501 1337 3564 aredius,
1357 3518 1444 3570 quam

104 3578 247 3630 nobiseum
265 3579 337 3630 male
355 3586 469 3649 egerint
487 3584 522 3637 Η.
539 3581 622 3638 Grut.
636 3585 672 3639 D.
699 3587 770 3637 item
789 3584 874 3650 Etru,
893 3579 942 3636 sed
960 3583 1022 3635 hic:
1043 3582 1203 3649 egerit.'-
1221 3576 1335 3641 erudies,
1356 3594 1441 3646 quam

104 3654 246 3706 nobiscum
258 3656 331 3706 male
344 3664 467 3725 agerent
480 3658 511 3711 B.
522 3660 553 3711 V.
572 3687 608 3704 -
628 3658 744 3726 audiat,
757 3677 848 3732 *queam
866 3659 1007 3710 nobiscum
1025 3655 1099 3707 male
1117 3659 1226 3722 agatur
1246 3655 1288 3707 M.
1299 3650 1395 3723 Steph.
1406 3651 1440 3705 L.

106 3730 142 3797 (7)
169 3729 218 3782 sic
239 3728 289 3783 ed.
309 3730 416 3784 Ursini.
436 3730 507 3787 Lali.
527 3733 595 3790 Ern.
616 3742 641 3793 1.
660 3742 688 3793 2.
714 3765 752 3780 -
769 3735 925 3801 uldebimus
938 3734 979 3798 11.
998 3732 1032 3786 V.
1051 3731 1082 3783 L.
1101 3729 1136 3783 D.
1159 3726 1195 3782 G.
1215 3727 1267 3802 (a
1283 3726 1441 3797 viderimus

105 3804 139 3858 D.
159 3807 248 3877 susp.)
279 3801 325 3874 (Β)
349 3806 467 3862 Sic'Cd.
487 3809 593 3863 Ursini.
612 3810 648 3864 D.
668 3836 703 3854 -
723 3809 776 3865 del.
795 3809 878 3863 video
899 3809 935 3864 G.
955 3806 1035 3881 prob.
1056 3801 1231 3861 Gernhardo.
1264 3796 1319 3858 Sed
1339 3806 1441 3855 rectis·

57 3887 60 3891 ’
105 3879 257 3934 simini
277 3881 410 3936 sehabet
430 3883 513 3938 solita
534 3882 685 3959 spudCic.
706 3890 846 3960 oppositio
866 3906 892 3939 v.
912 3884 1010 3938 videre
1030 3894 1200 3935 secernere.
1226 3879 1439 3932 -Cumanam
1549 3888 1552 3891 ·

102 3953 275 4030 (cumanum
302 3955 367 4011 Scir.
387 3956 434 4034 2.)
458 3978 496 4011 ex
520 3959 571 4013 hoe
595 3961 657 4013 loco
682 3967 828 4032 regionem
853 3960 952 4025 video,
981 3959 1078 4029 Pomp.
1097 3973 1125 4008 n.
1145 3973 1169 4008 c.
1196 3954 1232 4008 Η.
1248 3957 1289 4033 Υ.
1311 3954 1390 4018 1.,1.
1410 3959 1438 4008 2.

104 4036 154 4098 (so
172 4050 187 4082 e
206 4037 331 4101 regione
343 4051 394 4106 pro
413 4041 559 4105 regionem
579 4036 669 4111 Lipsii
689 4041 791 4111 susp.)*
818 4035 859 4112 (9)
877 4060 915 4095 ,τ
933 4040 1008 4087 acies
1027 4028 1290 4101 longiorum.
1329 4026 1379 4096 (ω)
1403 4056 1438 4095 ·.

105 4123 161 4160 om.
181 4123 351 4178 praenomen
369 4111 405 4164 H.
426 4112 458 4164 V.
477 4111 510 4165 L.
529 4112 565 4168 D.
585 4120 611 4170 1.
649 4108 697 4183 (¹¹)
718 4116 765 4169 Sic
785 4129 850 4166 cum
867 4110 937 4168 edd.
958 4112 990 4164 B.
1010 4109 1045 4164 D.
1066 4114 1094 4164 1.
1113 4106 1149 4160 G.
1169 4110 1196 4161 2.
1216 4133 1254 4149 -
1272 4109 1439 4173 octingenta

104 4183 138 4236 ii.
157 4182 190 4236 V.
211 4183 243 4235 L.
281 4182 335 4253 (²²)
355 4184 492 4332 -ssicit
511 4188 554 4241 M.
573 4188 606 4242 L,
645 4186 697 4256 (¹3)
724 4187 828 4248 θεία,
847 4190 880 4242 Β,
900 4187 936 4241 G,
957 4191 983 4242 2.
1003 4214 1041 4228 -
1060 4181 1255 4246 ullosCeteri.
1293 4180 1438 4232 Fortasse:
1476 4174 1497 4213 δ

104 4275 187 4331 quam
207 4258 306 4311 mullos
325 4260 389 4313 illos

104 4333 466 4408 man.srepn.i.01u.=‚
496 4353 522 4392 et
542 4342 576 4405 si,
585 4338 652 4392 fides
673 4334 871 4407 collatoribus.
900 4337 973 4396 011.
1001 4364 1042 4379 -
1059 4338 1223 4407 quaereretur
1240 4363 1260 4376 ·
1279 4360 1299 4373 ·
1316 4328 1438 4382 videret.

104 4408 139 4479 ii.
158 4411 195 4463 V.
215 4409 255 4464 Β.
273 4418 299 4468 1.
320 4411 356 4466 G.
376 4410 423 4467 2.'
444 4410 499 4467 Sed
517 4412 578 4479 fue,
596 4415 762 4471 Ciceronem
782 4416 811 4470 h.
829 4414 849 4469 Ι.
868 4432 925 4469 non
945 4431 991 4477 se,
1008 4425 1039 4464 ut
1060 4423 1158 4482 suprs,
1181 4403 1230 4459 sed
1249 4409 1322 4459 miro
1341 4408 1438 4475 urique

61 4539 65 4546 ‚
104 4480 189 4537 modo
209 4482 313 4559 ‘talpam
335 4504 400 4540 cum
419 4488 478 4567 Deo
498 4506 660 4560 querentem
679 4486 881 4556 introduxisse,
907 4507 941 4543 ne
960 4502 993 4541 ea
1012 4483 1124 4558 quidem
1144 4485 1222 4554 queri
1241 4486 1368 4556 poterat,
1389 4495 1454 4552 po«x

7 4590 8 4595 =
104 4560 160 4612 s'ins
180 4559 255 4632 quod
275 4559 392 4630 falsum,
422 4564 599 4643 quamquod
618 4582 718 4643 paruus
737 4568 818 4640 longe
838 4565 958 4643 uiderem
990 4578 1103 4637 prorsus
1129 4556 1202 4610 nihil
1220 4561 1296 4610 enirn
1316 4552 1437 4625 uidebat,

105 4653 138 4686 ex
163 4636 342 4708 antiquorum
368 4634 510 4712 opinione.
561 4639 616 4708 (Ψ)
648 4673 685 4686 -
705 4641 757 4711 del.
784 4661 840 4695 non
860 4654 955 4694 censet
974 4627 1159 4713 Beter‘Qffic·
1175 4635 1214 4687 Τ·
1234 4637 1261 4686 ²·
1281 4649 1308 4704 P·
1330 4635 1393 4689 27¹·
1413 4648 1439 4685 V·

105 4708 221 4791 ppadpqg
242 4715 263 4765 1,
283 4732 311 4789 P·
332 4717 396 4771 179⁴
435 4712 485 4808 pr)
504 4745 543 4760 ,,,
562 4725 589 4768 te
611 4717 641 4771 L,
687 4717 739 4787 (rs)
766 4734 804 4783 ω
822 4717 873 4773 sed
890 4712 959 4787 quid
974 4713 1042 4783 Erq.
1061 4712 1140 4783 susp:
1157 4706 1236 4783 proh.
1249 4706 1307 4760 G
1331 4702 1382 4773 (¹9)
1402 4704 1441 4750 Δ.

105 4803 160 4856 qua
180 4786 214 4840 L.
246 4788 301 4841 Pro
322 4788 520 4861 duodeviginti
539 4793 575 4846 G.
594 4790 707 4865 dubiam
728 4798 918 4866 suspicionem
937 4786 1058 4867 profert:
1077 4815 1117 4830 -
1134 4782 1359 4851 duodetriginta·
1395 4780 1440 4836 Tu

106 4859 168 4914 side
188 4860 366 4922 Lactantium'
383 4867 492 4920 Institi.
513 4872 545 4933 ὅ,
565 4873 616 4934 23,
636 4875 682 4925 12.
721 4858 910 4942 Xenopiims
935 4861 1089 4919 dicentibus
1114 4858 1320 4913 maiffimssiissii
1346 4854 1441 4914 ΨΜ

107 4934 189 4988 dense
214 4937 412 5010 duodeuiginti
433 4942 566 5017 pertibus
591 4949 726 4999 maiorem
751 4964 827 5015 esse,
857 4962 941 5019 quam
966 4951 1090 5008 terram,
1122 4936 1286 5020 '‘dmi'‘
1311 4932 1440 4988 “edidit

107 5008 180 5067 Hinc
200 5012 344 5071 Ciceronis
365 5035 467 5076 errors'
571 5012 580 5031 χ
707 5050 711 5057 Χ

516 5186 526 5217 d

422 4270 545 4316 oriasse.
594 4261 643 4330 (¹⁴)
673 4264 768 4335 Quid?
796 4265 905 4336 talpam
922 4258 1026 4314 nond.
1053 4254 1156 4315 ecid.
1175 4255 1212 4309 D.
1233 4265 1261 4314 1.
1308 4252 1360 4327 (¹⁵)
1390 4253 1444 4306 Sic·
1559 4282 1563 4291 ·
