3188 5492
272 426 918 511 Coniuaaoaomuoosnm.
942 440 1010 503 111
1056 439 1097 504 c.
1124 439 1175 504 aa
1201 443 1253 503 ta.
1358 445 1428 508 ‘aot

96 579 239 643 tionibus
263 581 449 642 roboratam
476 580 552 657 (boc
579 578 660 641 enim
686 574 819 660 dixisti)
835 579 1098 656 Academicorum
1125 581 1343 657 sententiam,¹
1367 602 1429 669 qua
1513 588 1516 597 ’

96 674 143 736 eis
166 674 283 752 placuit
309 674 387 735 nihil
415 672 496 735 scire
522 674 714 754 sapientem,
753 668 817 736 hoc
838 685 924 735 tuum
949 675 1120 739 labefactat
1145 676 1323 748 inventum,
1364 699 1429 759 qito

96 768 243 851 cogimur
269 762 435 840 confiteri,
463 766 561 827 multo
588 788 657 839 esse
680 767 896 848 probabilius,
922 768 1095 848 sapientem
1116 769 1197 836 scire
1220 770 1425 850 sapientiam,
1515 830 1519 853 3

95 862 198 947 magis
221 873 269 924 est
291 860 433 923 assensio
455 858 644 922 cohibenda.
681 863 775 923 Hoc
797 862 879 923 euim
900 861 973 942 ipso
996 862 1192 939 ostenditur,
1219 865 1293 926 nihil
1316 886 1427 949 quam-

95 957 173 1019 libet
193 954 420 1036 copiosissimis
448 954 723 1038 subtilissimisque
743 956 1070 1039 sanguirientisfposse
1100 957 1245 1030 suaderi,
1285 959 1335 1019 cui
1362 979 1427 1020 non

12 1078 14 1091 ·
95 1074 137 1113 ex
163 1060 254 1131 parte
276 1049 456 1122 contraria,
483 1049 507 1111 si
531 1051 612 1111 adsit
631 1049 809 1133 ingenium,
835 1072 898 1112 non
927 1050 1029 1112 minus
1054 1052 1189 1125 aeriter,
1214 1053 1264 1114 vel
1286 1051 1427 1116 fortasse

95 1145 201 1207 acrius
223 1145 400 1219 resistatur.
446 1146 498 1206 Eo
522 1145 581 1219 fit,
608 1155 640 1204 ut
665 1166 760 1226 quum
785 1144 825 1206 sit
851 1144 952 1207 victus
972 1144 1200 1219 Academicus,
1227 1145 1349 1208 vicerit.
1395 1146 1426 1209 Ο

94 1241 214 1301 utinam
236 1237 400 1321 vincatur!
435 1253 592 1318 nunquam
617 1237 730 1299 efficiet
751 1238 864 1320 quavis
892 1251 957 1303 arte
980 1240 1136 1323 Pelasga,
1168 1251 1202 1301 ut
1225 1241 1313 1305 simul
1338 1260 1354 1301 a
1378 1259 1427 1301 me

94 1332 201 1394 victus
225 1333 390 1412 victorque
413 1329 565 1392 discedat.
589 1362 590 1367 ¹
611 1329 709 1396 Certe
731 1333 806 1394 nihil
831 1333 913 1397 aliud
934 1334 1126 1405 inveniatur,
1152 1337 1238 1415 quod
1259 1322 1425 1396 adversius

1 1432 3 1466 ἵ
91 1428 155 1488 ista
178 1424 237 1487 dici
256 1426 380 1506 possit,
407 1437 437 1485 et
459 1424 545 1486 ultro
564 1446 611 1501 me
630 1426 745 1487 victum
764 1447 832 1488 esse
848 1427 1019 1506 profiteor.
1065 1429 1140 1490 Non
1165 1426 1302 1493 enimde
1323 1422 1427 1512 gloria
1492 1423 1501 1433 ’

1 1531 3 1561 ³
93 1521 333 1600 comparanda,
372 1521 427 1580 sed
452 1520 489 1578 de
514 1517 704 1581 invenienda
733 1519 866 1580 veritate
895 1531 1077 1598 tractamus.
1136 1519 1223 1582 Mihi
1248 1521 1322 1582 satis
1350 1531 1424 1596 est,

0 1641 1 1650 ι
92 1633 232 1698 quoquo
254 1615 350 1677 modo
372 1614 485 1674 molem
512 1612 600 1673 istam
624 1616 878 1685 transcendere,
901 1634 982 1696 quae
1008 1612 1200 1675 intrantibus
1222 1617 1260 1677 ad
1279 1614 1425 1695 philoso-

1 1721 2 1726 ’
88 1708 200 1788 phiam
226 1727 295 1773 sese
325 1706 479 1786 opponit,
512 1716 541 1781 et
564 1706 671 1769 neseio
680 1707 823 1787 quibus
843 1707 1051 1787 receptaculis
1080 1709 1301 1773 tenebrascens
1331 1710 1424 1773 talem

1 1813 3 1837 ³
89 1824 165 1865 esse
187 1799 420 1882 philosophiam
440 1810 537 1862 totam
558 1799 692 1861 minatur
703 1801 902 1883 ,nihilque
895 1823 924 1862 m
948 1821 985 1862 ea
1006 1801 1085 1881 lucis
1107 1800 1270 1863 inventum
1292 1801 1330 1863 iri
1350 1822 1424 1904 spe

88 1918 167 1958 rare
196 1895 363 1976 permittit.
412 1894 507 1971 Quid
527 1898 635 1955 autem
662 1851 795 1974 aniplius
820 1893 1014 1970 desiderem,
1049 1894 1142 1957 nihil
1154 1896 1276 1969 habeo,
1311 1895 1354 1955 si
1363 1895 1422 1956 iam

0 2018 2 2031 ι
69 1989 261 2070 »probabile
280 2001 349 2062 est,
380 1987 521 2068 nonnihil
546 1989 626 2065 seire
646 1989 831 2069 sapientem.
877 1990 952 2052 Non
976 1988 1057 2050 enim
1078 1988 1136 2050 alia
1159 2009 1268 2050 caussa
1292 1987 1372 2049 veri
1381 1988 1424 2051 si·

89 2083 167 2145 mile
195 2081 381 2156 videbatur,
406 2102 474 2145 crito
494 2081 705 2143 assensionem
728 2081 883 2144 sustinere
913 2083 1048 2155 debere,
1075 2080 1142 2165 nisi
1168 2081 1331 2165 quia-erat
1354 2078 1424 2144 ve'ni

8 2170 14 2183 ⁸
89 2176 195 2239 simile
219 2176 296 2239 nihil
323 2197 419 2256 posse
443 2175 688 2255 comprehendi·
742 2176 817 2255 Quo
849 2175 993 2250 sublato,
1028 2174 1164 2256 percipit
1189 2174 1271 2236 enim
1297 2175 1423 2254 sapiens

3 2316 7 2325 „
54 2280 56 2284 ’
86 2270 147 2332 vel
169 2268 289 2351 ipsam,
314 2281 348 2330 ot
367 2268 428 2332 iam
455 2269 657 2342 conceditur,
683 2270 884 2375 sapientiam,
917 2270 999 2331 nulla
1026 2269 1088 2332 iam
1111 2258 1221 2331 caussa
1246 2269 1422 2330 remanebit

1 2367 6 2409 ἓ
87 2386 152 2424 cur
177 2384 241 2427 uon
261 2367 451 2427 assentiatur
474 2364 597 2444 sapiens
623 2365 709 2426 vel
700 2363 760 2445 ipsi
781 2363 966 2443 sapientiae.
1024 2365 1083 2425 Est
1105 2363 1186 2425 enim
1211 2364 1277 2425 sine
1298 2362 1422 2425 dubitat·

86 2458 181 2519 tione
205 2457 416 2521 monstrosius
432 2460 601 2540 sapientem
620 2479 683 2521 noo
704 2461 885 2540 approbare
905 2456 1109 2540 sapientiam,
1120 2476 1223 2551 quam
1247 2458 1421 2538 sapientem

87 2550 218 2613 nescire
241 2554 439 2631 sapientiam.

1 2702 2 2706 ,
174 2647 244 2750 dd.
262 2648 350 2711 uam
380 2667 522 2753 quaeso,
558 2647 729 2727 paullulum
756 2642 845 2731 quasi
872 2658 942 2710 ante
970 2647 1080 2711 oculos
1113 2647 1177 2709 tale
1205 2630 1419 2726 spectaculum

89 2739 344 2823 constituamus,
380 2740 407 2802 si
439 2761 630 2822 possumus,
679 2740 780 2802 rixam
810 2743 966 2822 qiiandam
996 2740 1143 2822 sapientis
1176 2753 1206 2803 et
1237 2740 1419 2822 sapientiae.

1 2864 8 2897 ι·
89 2832 182 2914 Quid
207 2832 306 2898 aliud
313 2833 387 2897 dicit
412 2835 587 2916 sapientia,
621 2854 714 2918 quam
738 2857 772 2897 se
795 2856 864 2898 esse
887 2834 1121 2916 sapientiam?-
1118 2835 1181 2899 At
1205 2845 1317 2897 contra
1337 2834 1418 2898 iste.

1 2983 3 3014 :
87 2929 170 2991 Non
196 2929 315 3003 credo,
346 2928 460 3008 inquit.
506 2930 585 3010 Quis
613 2928 654 2991 ait
677 2928 976 3010 sapientiae„Non
998 2931 1095 2992 credo
1117 2950 1186 2992 esse
1210 2926 1419 3009 sapientiam?
1496 2946 1499 2955 ¹

0 3060 1 3080 ι
58 3020 194 3103 ‘Quis,
233 3020 293 3084 nisi
317 3021 344 3083 is
369 3043 440 3086 cum
467 3042 530 3109 quo
554 3023 605 3086 illa
640 3023 730 3108 loqui
761 3022 884 3107 potuit,
921 3034 952 3087 et
975 3022 1006 3086 in
1034 3044 1099 3107 quo
1122 3022 1264 3088 habitare
1289 3018 1419 3105 dignata

1 3173 2 3182 ,
88 3125 162 3187 est,
192 3114 311 3178 scilicet
333 3117 478 3197 sapiens?
515 3119 563 3180 Ite
586 3138 668 3179 nunc
698 3129 729 3179 et
751 3138 799 3203 me
831 3116 997 3199 quaerite,
1036 3116 1182 3201 quicum
1219 3114 1418 3179 Academicis
1474 3112 1481 3125 ¹

0 3268 1 3271 ,
39 3229 251 3293 ι-ριιςιιιιιιιι
274 3210 396 3272 habetis
420 3212 624 3275 iam'novum
643 3224 824 3284 certamen;
854 3210 979 3292 sapiens
1002 3223 1033 3274 et
1052 3208 1206 3292 sapientia
1228 3230 1333 3272 secum
1358 3207 1422 3295 pu·-
1455 3206 1504 3255 Ν

90 3313 205 3386 gnant.
251 3303 382 3384 Sapiens
402 3326 465 3368 non
484 3306 555 3368 vult
579 3300 759 3368 consentire
785 3305 976 3388 sapientiae3
1009 3327 1071 3390 ego
1095 3303 1259 3367 vobiscum
1287 3323 1417 3373 securus
1467 3372 1470 3375 ,

1 3427 3 3434 >
87 3406 259 3476 exspecto.
305 3391 487 3477 Quisenim
510 3420 573 3462 oon
597 3400 705 3462 eredat
725 3398 874 3464 invictam
895 3421 963 3464 esse
988 3396 1196 3483 sapientiam?
1219 3399 1340 3459 Tamen
1359 3417 1418 3458 nos
1489 3402 1490 3409 ’

1 3523 4 3547 t
87 3488 197 3573 aliqua
216 3490 438 3572 complexione
462 3491 646 3557 muniamus.
691 3493 858 3557 Aut'enim
880 3494 912 3557 in
932 3496 996 3558 hoo
1016 3495 1187 3559 certamine
1209 3489 1427 3567 Academicos

88 3584 199 3647 vincet
227 3584 429 3665 sapientiam,
455 3598 486 3649 et
508 3609 524 3648 a
549 3575 598 3649 m'e
619 3586 782 3664 vincetur,
807 3589 965 3673 quianon
990 3587 1050 3651 erit
1072 3587 1216 3668 sapiens:
1241 3595 1296 3646 aut
1318 3585 1358 3645 ab
1381 3604 1430 3645 ea·
1493 3614 1497 3639 t
1523 3630 1527 3647 .

88 3678 313 3760 superabitur,
345 3690 376 3740 et
399 3679 569 3760 sapientem
591 3680 762 3764 sapientiae
786 3684 964 3747 consentire
985 3680 1181 3757 docebimus.
1231 3681 1299 3742 Aut
1316 3677 1419 3761 'igitur

89 3772 217 3853 sapiens
241 3771 451 3835 Academicus
476 3795 541 3835 non
567 3784 638 3860 est,
662 3785 716 3836 aut
734 3776 882 3840 >nonnulli
904 3776 954 3839 rei
974 3774 1097 3856 sapiens
1120 3771 1333 3837 assentietur:
1359 3769 1418 3831 nisi

86 3868 179 3931 forte
199 3889 290 3950 quem
311 3866 417 3955 dicere
438 3865 748 3948 puduit'sapientem
774 3868 897 3934 nescire
919 3868 1122 3951 sapientiam,
1158 3867 1328 3947 sapientem
1352 3885 1416 3926 non

1 3995 2 4027 ;
35 3958 38 3961 “
88 3963 272 4024 consentire
297 3959 467 4041 sapientiae
493 3961 597 4025 dicere
618 3983 681 4026 non
707 3963 865 4069 pudebit?
887 3964 934 4027 At
956 3961 1064 4039 silam
1091 3959 1277 4028 verisimile
1300 3969 1346 4021 est
1363 3978 1417 4020 ca·

88 4054 201 4118 dere
189 4077 224 4116 ιιι
246 4054 416 4160 sapientem
439 4054 530 4117 vel
519 4054 619 4136 ipsius
650 4056 821 4137 sapientiae
845 4055 1104 4139 perceptionem,
1144 4067 1176 4117 et
1202 4053 1283 4116 nulla
1307 4073 1416 4113 caussa

87 4159 160 4222 est,
198 4169 257 4211 cur
280 4169 342 4210 non
367 4147 395 4210 ei
414 4151 501 4233 quod
519 4161 633 4231 potest
655 4150 775 4233 percipi
801 4150 1006 4227 assentiatur,
1041 4149 1135 4213 video
1158 4149 1246 4231 quod
1271 4146 1416 4221 volebam

75 4260 162 4303 ’esse
177 4261 246 4304 veri
237 4240 371 4315 simrle,
387 4241 558 4324 saplentem
575 4244 693 4307 sedicet
708 4266 907 4308 assensurum
923 4267 997 4308 esse
1009 4245 1192 4326 sapientiae
1218 4238 1253 4305 St
1266 4259 1433 4322 quaeres<

87 4333 170 4399 ubi
160 4333 303 4397 inveniat
318 4357 417 4417 ipsam
440 4338 643 4419 sapientiam,
668 4339 897 4420 respondebo
888 4363 919 4402 m
942 4352 1041 4403 semet
1065 4339 1150 4421 ipso.
1197 4336 1236 4400 si
1255 4335 1330 4399 dicis
1346 4352 1417 4395 eum
1481 4362 1488 4369 ὁ
1581 4348 1587 4357 ’

86 4428 214 4492 nescire
241 4431 327 4512 quod
349 4431 484 4509 habeat,
512 4430 597 4495 redis
618 4435 658 4494 ad
679 4433 755 4494 illud
778 4435 969 4509 absurdum,
1012 4434 1182 4515 sapientem
1210 4429 1333 4493 nescire
1365 4448 1417 4489 sa·

85 4522 252 4607 pientiam.
311 4524 345 4586 Si
380 4526 551 4607 sapientem
577 4526 679 4608 ipsum
715 4547 813 4611 negas
839 4544 936 4607 posse
966 4527 1125 4603 inveniri,
1161 4547 1224 4590 non
1258 4523 1317 4587 iarn
1346 4544 1417 4585 cum

29 4616 33 4625 ¹
86 4617 307 4693 Academicis,
336 4623 392 4682 sed
423 4632 526 4683 tecum
552 4621 693 4706 quisquis
712 4623 776 4684 hoc
794 4623 910 4697 sentis,
927 4644 930 4653 ¹
949 4621 1094 4689 sermone
1120 4621 1183 4684 alio
1213 4619 1414 4682 disseremus.

1 4770 3 4781 ,
86 4712 143 4778 Illi
163 4712 244 4774 enim
268 4734 363 4796 quum
382 4716 462 4777 haec
480 4715 660 4797 disputant,
686 4718 724 4781 de
743 4714 884 4795 sapiente
901 4716 1052 4797 proiecto
1075 4715 1247 4796 disputant.
1292 4710 1427 4775 Clamat,
1472 4767 1477 4778 ,

87 4807 229 4882 Cicero,
264 4828 299 4871 se
320 4807 421 4889 ipsum
443 4831 591 4895 maguum
617 4830 687 4873 esse
709 4810 927 4891 opinatorem,
964 4813 1020 4873 sed
1042 4811 1080 4874 de
1103 4809 1243 4890 sapiente
1264 4826 1298 4869 se
1321 4827 1420 4890 quae.
1496 4846 1498 4849 -
1568 4799 1575 4898 '¹

85 4918 174 4964 rere.
220 4901 317 4981 Quod
342 4901 370 4965 si
397 4905 499 4967 adhuc
518 4924 579 4979 vos
597 4904 810 4966 adolescentes
830 4903 973 4988 ignotum
994 4903 1135 4978 habetis,
1158 4911 1246 4964 certe
1268 4899 1300 4963 in
1327 4902 1417 4964 Hor·
1546 4973 1549 4976 ⁴
1584 4903 1589 4912 “

84 4994 195 5060 tensio
216 4996 358 5081 legistis:
382 5043 397 5071 ,‚
407 4997 441 5061 Si
458 4997 565 5082 ,igitur
585 5000 645 5061 llee
662 4995 742 5059 certi
760 5007 808 5060 est
831 4997 1022 5086 quidquam,
1044 5018 1103 5060 nec
1121 4993 1247 5078 opinari
1267 4993 1416 5083 sapientis
