3252 5490
242 414 283 511 ',
447 488 450 495 .
562 429 933 499 eminent.
1051 388 1056 393 ⁹
1353 437 1414 501 ros

7 626 8 633 .
74 576 240 642 rhetorica
254 574 523 659 philosophorum
532 619 543 653 ,
559 592 623 641 oon
638 570 965 646 nostraillaloreusi3
982 593 1076 658 quam
1087 593 1217 640 neeesse
1232 588 1300 656 est,
1318 573 1416 663 quum
1445 634 1448 639 ⁴

73 671 279 757 populariter
299 671 471 759 loquutur,
502 691 573 734 esse
598 669 756 734 interdum
781 665 890 750 paullo
916 668 1129 734 hebetiorem.
1174 671 1228 734 18.
1253 674 1318 737 Sed
1342 671 1426 737 dum'

75 766 294 841 dialecticam,
307 767 500 850 Torquate,
516 765 691 830 contemnit
708 761 890 846 Epicurus,
908 784 990 848 quae
1004 785 1066 827 uua
1081 765 1224 830 eontinet
1243 772 1367 831 otonem
1384 781 1416 832 et

73 858 310 946 perspiciendi,
335 860 412 945 qnid
427 859 602 944 iuquaque
616 875 653 923 re
672 858 731 933 sit,
756 855 942 933 seientiam,
966 870 997 920 et
1009 855 1186 936 iudicandi,
1210 860 1304 944 qudo
1323 862 1417 946 qnid·

74 976 141 1039 que
161 954 221 1031 sit,
245 964 279 1016 et
299 954 424 1018 ratione
446 974 485 1018 ao
506 955 580 1017 vin¹
602 951 801 1038 disputandi:
824 942 890 1014 ruit
911 949 1116 1029 indicendo,
1139 964 1180 1016 ut·
1195 952 1272 1017 mihi
1287 956 1415 1038 quidem

73 1048 223 1126 videtur,
244 1069 308 1112 neo
329 1069 384 1125 ea,
409 1066 491 1134 quae
512 1051 630 1114 docere
652 1048 741 1123 vult,
766 1046 831 1127 ulle
851 1056 922 1108 arte
944 1044 1151 1130 distinguit2r
1175 1057 1210 1110 ut
1229 1049 1311 1113 haee
1324 1049 1412 1130 ipsa,
1473 1042 1476 1051 *

6 1154 7 1157 ’
74 1163 161 1226 quae
172 1145 270 1207 modo
282 1142 507 1227 loquebamur.
538 1146 701 1208 Summum
715 1163 734 1204 a
749 1140 844 1205 vobis
859 1141 982 1204 bonuau
995 1140 1145 1222 voluptas
1163 1139 1293 1205 dieitur.
1322 1143 1416 1224 Ape·

73 1235 226 1300 riendum
246 1246 295 1298 est
311 1235 428 1322 igitur,
453 1236 530 1320 quid
548 1238 590 1300 sit
610 1237 782 1318 voluptes;
806 1234 901 1299 aliter
913 1233 998 1296 euim
1014 1233 1188 1315 explicari,
1214 1238 1303 1319 quod
1317 1258 1417 1320 quae*
1454 1238 1458 1244 ’

74 1330 179 1408 ritur,
202 1351 268 1394 nou
284 1341 403 1412 potest.
442 1331 546 1411 Quium
561 1331 589 1394 si
603 1328 851 1414 explicuisset,
875 1350 938 1393 nou
956 1340 1019 1391 tam
1039 1324 1230 1394 haesitarel:
1254 1344 1309 1396 aut
1332 1332 1416 1397 enini

74 1446 149 1489 earu
171 1426 371 1507 voluptatem
388 1436 551 1501 tueretur,
575 1416 670 1512 qnam
687 1422 897 1505 Aristippus,
920 1420 952 1485 id
972 1433 1040 1499 est,
1064 1443 1128 1504 qua
1150 1444 1261 1488 sensus
1279 1426 1417 1490 dulciter
1466 1420 1472 1433 '

62 1541 115 1582 see
134 1518 276 1584 iucunde
291 1530 462 1594 movetnr3
486 1541 580 1605 quam
596 1520 689 1582 etiam
703 1520 864 1600 pecudes,
889 1515 916 1580 si
931 1516 1021 1601 loqui
1040 1528 1190 1598 possent,
1216 1520 1417 1600 appellarem

74 1615 298 1695 voluptatem:
323 1623 396 1689 eut,
421 1613 448 1676 si
465 1613 572 1699 ‘magis
594 1614 756 1696 plaeeret³
778 1630 840 1700 suo
862 1628 952 1676 more
971 1610 1079 1697 loqui,
1105 1632 1199 1696 quatu
1219 1613 1277 1676 ntl

163 1709 295 1774 Omma
315 1706 435 1771 Danai
454 1718 558 1792 utque
578 1707 851 1793 Mycenenses&

40 1862 47 1887 ,
162 1802 283 1866 Attica
298 1801 427 1884 pubes,
451 1835 491 1850 ·-

73 1893 259 1980 reliquique
275 1895 410 1972 Graeci,
434 1895 488 1982 qui
503 1897 569 1959 hoe
581 1907 755 1978 anapaesto
771 1895 928 1960 citantur:
947 1895 1090 1961 huonon
1101 1896 1217 1961 dolere
1236 1897 1344 1960 solum·
1355 1919 1416 1962 vo·
1497 1976 1499 1980 Ι
1561 1893 1566 1903 ’

73 1990 210 2073 luptatis
225 1989 352 2053 nornine
368 1982 561 2072 appelleret,
578 1990 658 2055 illud
672 1989 897 2072 Aristippeum
914 1999 1154 2063 contemneret:
1179 2002 1232 2054 erit
1247 1991 1275 2055 si
1288 2002 1416 2056 utrum·
1451 1986 1455 1990 ’

73 2107 141 2172 que
163 2086 339 2167 probaret,
363 2084 418 2146 ιιτ6
439 2087 574 2167 probat,
603 2085 843 2170 .euninngeret⁷
866 2081 988 2147 doloris
1012 2084 1203 2151 vacuitatem
1224 2109 1297 2150 oum
1319 2088 1415 2151 volu·

71 2192 178 2264 ptete,
192 2190 225 2243 et
237 2181 360 2242 dnobus
373 2178 488 2242 ultimis
501 2190 658 2250 uteretur.
676 2180 730 2244 19.
741 2178 842 2244 Multi
854 2178 937 2243 enim
953 2190 984 2240 et
994 2178 1104 2263 magui
1118 2179 1305 2264 philosophi
1316 2183 1416 2244 haee8

73 2275 373 2340 ultimabonorum
394 2272 500 2337 iuncte
524 2273 690 2350 fecerunt3
713 2286 748 2337 ut
767 2271 983 2346 Aristoteles,
1008 2274 1064 2355 qui
1083 2272 1213 2337 virtutis
1234 2296 1324 2351 issum
1345 2297 1417 2339 urm

72 2371 165 2436 vitae
178 2369 346 2452 perfectae
365 2366 584 2449 prosperitate
596 2367 775 2431 coniunxit.
801 2365 976 2451 Calliphou
988 2366 1133 2429 adiunxit
1145 2370 1186 2430 ad
1200 2368 1414 2444 honestatem,

72 2465 297 2547 voluptatem:
320 2460 510 2527 Diodorns⁹
529 2466 569 2526 ad
595 2464 725 2527 eandem
747 2463 950 2527 honestatem
972 2459 1124 2525 addidit¹⁰
1144 2464 1337 2526 vaesritatern
1358 2465 1419 2528 du·
1455 2472 1458 2481 '

73 2559 171 2626 loris.
202 2558 293 2621 Idem
306 2557 436 2621 ferisset
452 2557 633 2639 Epicuros,
659 2557 687 2621 si
701 2557 887 2633 sententium
903 2557 1004 2630 hano,
1029 2577 1111 2640 quae
1126 2578 1210 2621 nune
1225 2556 1419 2637 Hieronymi
1459 2633 1471 2649 .

75 2665 146 2729 est,
171 2650 393 2716 coniunxisset
411 2671 482 2714 erim
501 2652 664 2735 Aristippi
683 2663 794 2716 vetere
816 2649 985 2714 sententia.
1022 2650 1075 2717 llli
1097 2651 1179 2715 enim
1197 2650 1280 2715 inter
1302 2672 1336 2714 se
1352 2650 1418 2717 die·

74 2747 238 2821 sentiunt3
261 2759 438 2829 propterea
458 2746 591 2831 singulis
613 2745 729 2809 finibus
752 2755 905 2809 utuntur:
936 2755 985 2820 et,
1010 2765 1108 2830 quum
1131 2755 1268 2829 uterque
1289 2747 1415 2809 Graece

76 2840 212 2930 egregie
223 2836 397 2925 loquatur,
411 2843 504 2904 neu¹¹
515 2840 726 2924 Aristippus,
743 2839 799 2924 qui
811 2840 1009 2922 voluptatem
1023 2861 1179 2916 summum
1193 2842 1315 2905 bouum
1325 2838 1413 2915 dicit,

74 2939 110 3003 in
128 2938 301 3019 voluptate
313 2936 407 3019 ponit
426 2957 491 3000 noo
511 2936 622 3000 dolere
632 2932 645 3010 ;4
664 2957 767 3020 neque
787 2936 1028 3016 Hieronymus,
1053 2934 1108 3020 qui
1126 2955 1281 3001 summum
1296 2936 1418 2997 honrem

77 3029 193 3095 statuit
214 3051 278 3093 nou
303 3030 435 3105 dolere,
452 3021 635 3112 ¹uoluptatis
653 3031 780 3094 nomine
797 3048 936 3116 uuquam
952 3028 1134 3111 utitur·pro
1152 3028 1206 3091 illa
1221 3026 1416 3102 indolentia3

77 3126 202 3215 quippe
224 3125 280 3207 qni
301 3146 341 3188 ne
361 3124 394 3189 io
418 3125 604 3207 expetendis
627 3123 754 3208 quidem
775 3125 874 3188 rebus
895 3135 1040 3187 numeret
1062 3123 1277 3205 voluptatem.
1360 3182 1375 3211 ,ι
1414 3172 1418 3179 ,

165 3221 252 3287 VII.
269 3220 330 3283 20.
357 3219 450 3284 Duae
475 3231 549 3283 sunt
573 3219 660 3283 euim
681 3238 735 3283 res
759 3239 907 3305 quoque,
939 3239 978 3282 ne
1002 3230 1036 3281 tu
1057 3219 1163 3280 ¹verba
1185 3216 1289 3281 solum
1310 3227 1417 3300 putes.

75 3319 187 3383 Durior
210 3325 277 3391 est,
301 3313 370 3377 siue
394 3315 508 3378 dolore
531 3336 622 3379 esse:
647 3314 801 3390 alterum,
826 3333 896 3377 euru
917 3312 1099 3394 voluptate.
1133 3310 1207 3375 Vos
1231 3332 1272 3373 ex
1288 3310 1338 3373 his
1353 3307 1419 3377 tem

76 3407 286 3479 dissimilibus
315 3409 413 3471 rebus
442 3411 632 3493 uonlmodo
655 3428 772 3473 nomeu
795 3426 909 3483 unum,
943 3407 1029 3485 (nam
1051 3405 1084 3469 id
1103 3405 1230 3469 facilius·
1252 3415 1383 3487 paterer
1392 3406 1418 3483 ,)

2 3572 3 3583 2
57 3507 135 3569 'sed
165 3502 261 3568 etiam
291 3524 361 3567 rem
381 3524 478 3567 uuam
502 3524 544 3564 ex
565 3503 721 3566 duabus¹²
743 3501 852 3564 iacere
875 3499 1051 3574 conamini3
1090 3501 1178 3584 quod
1199 3497 1305 3562 fieri¹³
1326 3498 1415 3562 nullo

33 3676 39 3685 a
74 3599 178 3662 ruodo
202 3608 325 3679 potest.
369 3597 453 3672 Hie,
477 3597 534 3682 qui
554 3597 761 3681 utrumqueflf
782 3596 920 3676 probat,
946 3596 1102 3658 ambobus
1118 3593 1228 3656 debuit
1243 3592 1308 3669 uti,
1334 3591 1418 3655 sicut

75 3691 159 3771 facit
183 3713 239 3766 re3
275 3682 379 3775 neque
401 3691 539 3754 tamen1⁵
561 3690 674 3755 dividit
695 3688 816 3753 verbis.
869 3689 974 3769 Quum
999 3689 1081 3779 eninr
1103 3709 1171 3750 eam
1193 3686 1331 3770 ipsam¹⁶
1356 3708 1418 3751 vo-

76 3920 81 3929 ·
154 3883 199 3958 (¹)
218 3885 267 3938 sie
281 3883 387 3954 *Margo
408 3881 455 3935 Cr.
475 3881 506 3936 L.
527 3886 557 3934 iu
576 3898 615 3935 m.
635 3883 717 3941 1584·
738 3882 820 3935 Grut.
840 3882 877 3934 D.
899 3889 924 3938 1.
944 3882 979 3935 G.
1000 3887 1028 3936 2.
1048 3908 1086 3925 ι·-
1104 3896 1140 3932 oo
1157 3889 1214 3934 rat.
1238 3888 1267 3932 et
1284 3899 1313 3933 ν,
1327 3880 1358 3935 Ρ.
1376 3881 1418 3933 Μ.

76 3961 112 4015 L,
134 3961 219 4020 1566.
240 3988 278 4001 -
296 3965 326 4010 et
344 3965 403 4010 rat.
423 3965 460 4008 et.
471 3976 501 4011 o.
521 3958 553 4010 V.
571 3980 606 4000 s-
629 3965 659 4008 et
677 3961 825 4009 rationem
837 3973 871 4008 ae
889 3961 967 4009 vlam
984 3957 1030 4009 Br.
1045 3955 1074 4019 Ε,
1091 3974 1127 4008 ex
1139 3957 1220 4007 Actis
1231 3955 1321 4011 Erud.
1336 3961 1419 4014 1750.
1512 3950 1515 3955 ¹

75 4054 105 4112 p.
125 4041 195 4096 252.
245 4032 283 4107 (²)
303 4051 318 4086 e
338 4032 388 4087 Cd.
408 4031 469 4087 Mo.
489 4033 521 4088 L.
540 4050 555 4085 e
574 4031 633 4086 Pol.
653 4050 694 4106 pr.
716 4033 796 4086 Grut.
817 4031 901 4102 Seqq.
921 4061 956 4074 -
976 4050 1046 4102 quae
1066 4032 1164 4097 decet,
1190 4034 1254 4084 vult
1278 4032 1336 4084 utta
1354 4039 1420 4082 arto

75 4112 223 4180 distingue·
242 4108 312 4163 Cdd.
331 4108 431 4183 pleriq.
450 4105 522 4162 Edd.
543 4123 608 4163 ente
629 4109 662 4160 L.
714 4107 753 4181 (³)
772 4136 811 4156 ,-
826 4108 900 4179 plae.
921 4113 949 4159 ei
966 4107 998 4160 L.
1046 4106 1084 4181 (t)
1109 4135 1148 4153 ·-
1169 4106 1228 4169 del.
1252 4116 1283 4159 ut
1302 4106 1371 4173 Erp.
1393 4117 1420 4162 1.

1 4232 3 4237 ⁴
76 4188 125 4242 Br.
153 4184 190 4239 de
214 4186 318 4239 Merkl.
345 4183 380 4238 ed
405 4185 527 4239 Statium
555 4202 584 4255 p.
609 4189 673 4245 550.
700 4188 849 4238 sententia.
899 4182 937 4256 (⁵)
965 4202 980 4237 e
1004 4182 1073 4239 edd.
1095 4186 1127 4236 L.
1147 4183 1183 4238 D.
1204 4182 1250 4237 Br.
1271 4183 1308 4236 G.
1329 4180 1420 4235 Bothe

77 4263 160 4318 Poet.
180 4270 260 4329 trag.
280 4281 308 4335 p.
328 4263 392 4320 286.
412 4287 450 4303 -
468 4267 520 4310 ord
537 4259 619 4331 Myc.
638 4256 710 4314 Edu.
730 4274 794 4313 ante
815 4259 846 4314 L.
866 4274 965 4312 eontra
984 4276 1117 4315 metrum.
1136 4285 1174 4300 -
1193 4257 1248 4312 del.
1267 4266 1350 4329 atque
1375 4255 1421 4308 vel

77 4346 129 4393 aut
147 4335 185 4390 de
203 4337 306 4392 Markl.
326 4337 551 4390 centenorum.
573 4345 598 4391 1.
612 4342 655 4400 2.,
673 4341 744 4389 item
764 4349 865 4388 eontra
885 4350 1016 4391 metrum.
1069 4334 1110 4407 (ὅ)
1135 4360 1170 4378 ·-·
1197 4342 1248 4387 aar
1267 4335 1298 4387 P.
1318 4331 1366 4385 Cr.
1385 4332 1420 4385 V.
1494 4388 1499 4403 .

77 4413 116 4483 (⁷)
135 4440 177 4459 -ι
197 4419 365 4480 coniungere
385 4410 468 4468 Grut.
489 4419 513 4470 1.
535 4428 589 4465 err.
609 4425 719 4484 typogr.
765 4408 804 4482 (⁸)
823 4437 861 4454 ·-
879 4410 1024 4463 Diodotus
1044 4413 1075 4463 V.
1124 4408 1162 4483 (⁹)
1182 4408 1425 4479 -1taecsuspe-'

76 4504 159 4544 otum
179 4489 228 4542 nr.
277 4484 390 4561 (10)-
413 4486 525 4538 addidit
550 4500 710 4558 suspectum
733 4487 838 4539 Ursino
858 4500 887 4539 et
907 4486 1028 4560 Guyeto.
1048 4513 1088 4527 -
1105 4484 1205 4536 adiicit
1224 4486 1257 4537 V.
1306 4481 1364 4552 (Η)
1383 4504 1422 4540 :a

77 4583 166 4635 neque
187 4565 220 4617 L.
270 4561 379 4637 (19)-
402 4580 440 4614 ee
459 4562 565 4614 duabm
585 4578 745 4636 suspectum
762 4562 832 4617 ern.
880 4559 929 4690 (ly
948 4561 1083 4634 -ferri
1102 4563 1137 4634 D.
1157 4576 1234 4633 susp.
1253 4556 1334 4633 proh.
1353 4559 1420 4612 Ero.

78 4638 131 4714 (tt)
150 4657 166 4693 e
184 4635 257 4700 esd.
277 4637 314 4696 G.
333 4643 361 4697 2.
381 4636 446 4692 toli.
471 4638 619 4708 Nunquam
640 4642 683 4692 tie
702 4636 752 4704 (1.,
779 4654 868 4710 neque
887 4655 904 4691 e
925 4635 977 4692 idtt
998 4642 1038 4703 l...
1058 4651 1090 4692 ut
1109 4634 1226 4707 putebat
1245 4634 1310 4696 Br.;
1331 4651 1421 4706 usque

79 4732 147 4770 sero
172 4722 317 4786 rursusque
342 4711 471 4786 proluit
489 4715 553 4778 Bu,
585 4727 617 4767 ot
642 4718 721 4768 aiunt
748 4713 785 4767 G.
804 4729 832 4767 et
852 4712 932 4779 Son,
954 4717 1045 4767 immo
1063 4709 1187 4768 defendit
1206 4707 1369 4784 vulgaretur¹
1382 4736 1422 4764 -e

81 4798 237 4862 uerarisque.
265 4789 318 4864 (-
345 4796 491 4860 utromque
510 4820 530 4837 «υ
548 4787 682 4844 ambabus
708 4788 800 4844 Bentl.
823 4791 917 4862 susp.)
955 4787 1005 4855 (¹⁵)
1032 4787 1081 4843 dle
1107 4788 1139 4840 L.
1159 4804 1174 4840 e
1194 4786 1254 4842 Pal.
1275 4804 1317 4860 pr.
1337 4785 1423 4841 Grut.

82 4865 146 4937 Seq.
164 4882 204 4943 ep
213 4863 314 4938 facin
346 4882 431 4936 neptes
457 4873 553 4917 tomen
581 4863 650 4922 cdd.
678 4864 742 4939 eliq.
762 4864 863 4938 Murgo
883 4865 930 4922 Cr.
950 4866 1029 4923 Men.
1049 4868 1081 4917 io
1098 4860 1150 4917 Ed.
1171 4867 1345 4936 posteriore,
1363 4879 1423 4915 uon

84 4944 166 5072 Lm
185 4939 332 5074 -iifipe'n
352 4956 461 5012 remque
480 4946 575 4995 tannen
599 4938 673 4999 Edd.
692 4952 757 4996 tute
781 4940 815 4997 L.
866 4938 917 5013 (¹⁶)
941 4962 980 5000 ε
1004 4946 1095 5020 ipsam
1119 4956 1181 4992 ram
1206 4936 1277 4998 edd.
1303 4937 1369 5012 ettq.
1390 4940 1422 4992 Ρ.
1508 4930 1522 4945 ‘

110 5037 132 5072 f·
149 5021 186 5077 Vs
241 5056 249 5077 e
295 5056 302 5072 ι
640 5020 643 5025 ¹
