3226 5488
578 440 876 508 scansuros.
1182 406 1184 415 ’
1279 482 1285 485 -
1316 526 1322 535 .
1357 445 1418 508 nr

88 585 220 690 quidem
244 585 353 659 citius,
379 583 457 647 alios
479 581 640 665 posterius
664 583 702 644 ab
724 603 764 647 eo
781 581 967 646 ‘discessisse
988 579 1158 665 multisque
1178 584 1276 647 modis
1293 576 1418 649 decreta

91 679 162 760 ipsa
185 701 357 744 enervasse
377 693 408 743 et
428 679 598 745 invertisse
621 677 770 754 affirmat,
795 690 826 740 et
850 679 960 741 deiere
982 699 1015 741 se
1038 677 1069 739 id
1091 677 1151 752 ait,
1182 676 1248 741 sive
1270 680 1418 743 consulto

89 773 230 879 hoc,
205 795 274 837 sive
295 796 355 857 per
376 772 636 856 imprudentiam,
671 770 823 846 astralia,
848 772 966 837 ntinam
988 794 1052 835 ιιοιι
1075 772 1240 837 ambitiosa
1261 794 1356 837 cansa
1379 775 1420 838 ab

83 862 168 979 ipsis
190 869 286 931 inerit
309 870 490 933 admissum.
666 878 672 887 “

142 963 223 1026 At
246 984 324 1027 vero
348 964 512 1032 Arcesilas
534 965 574 1025 ab
597 959 713 1025 Stoicis
736 961 1001 1045 philosophisque
1023 960 1189 1036 omnibus,
1221 983 1276 1045 qni
1267 958 1426 1027 Acade*

18 1051 23 1057 ’
88 1056 168 1121 mici
193 1078 256 1118 non
286 1057 364 1131 sint,
396 1070 553 1141 tamqnam
584 1068 740 1131 novator,
775 1055 957 1137 veterisque
984 1053 1103 1131 omnis,
1140 1075 1207 1127 non
1229 1053 1414 1119 Platonicae

87 1152 206 1223 modo,
231 1150 413 1232 disciplinae
437 1173 572 1215 eversor
593 1149 822 1212 manifestarius
845 1158 1031 1211 accusatur:
1056 1149 1218 1232 „Namque
1239 1169 1333 1230 qrrrrm
1356 1148 1418 1210 iam

87 1244 151 1323 (ait
172 1245 254 1325 apud
286 1242 475 1308 Ciceronem
506 1245 674 1322 Lucullus)
702 1242 970 1325 philosophorum
1001 1239 1182 1321 disciplinae
1212 1240 1418 1326 gravissimae

87 1338 324 1413 custudissent,
348 1349 415 1400 tum
438 1350 569 1401 exortus
592 1348 639 1399 cst
660 1336 692 1398 in
715 1337 834 1418 optima
855 1356 891 1397 re
912 1333 1038 1416 publica
1063 1333 1117 1397 Ti.
1143 1335 1329 1410 Gracchus,
1361 1335 1417 1420 qni

85 1429 190 1492 otirnn
204 1430 418 1512 perturbaret,
445 1428 491 1493 sic
511 1431 684 1506 Arcesilas,
702 1432 756 1515 qni
771 1430 973 1494 constitutam
990 1427 1226 1510 philosophiam
1242 1440 1413 1506 everteret,
1444 1432 1454 1441 “

88 1535 124 1586 et
145 1523 177 1586 in
200 1544 312 1587 eortina
334 1520 525 1639 incuruata
549 1523 763 1597 delitesceret,
788 1524 846 1608 qni
865 1523 1069 1608 negavissent
1091 1520 1257 1605 quicquam
1277 1522 1350 1584 sciri
1364 1533 1418 1586 attt

83 1616 212 1699 percipi
228 1617 347 1698 posse!
352 1616 495 1697 'Apud
509 1617 736 1681 Ριιιιιιοιιιιιιιι
760 1617 862 1682 Stoici
885 1618 1010 1701 qnidam
1029 1614 1207 1678 Arcesilam
1226 1626 1416 1699 veteresque

1 1743 3 1753 ν
68 1722 164 1818 ¹pn'st
186 1731 255 1773 enm
279 1710 487 1775 Academicos
510 1707 701 1820 comederim
693 1716 748 1777 καὶ
765 1710 930 1795 λυμεῷιιας
945 1709 1008 1774 τῶν
1022 1710 1055 1776 ἐν
1069 1708 1257 1799 φιλοσοφίᾳ
1271 1733 1327 1773 και
1316 1710 1418 1793 doy-

1 1837 3 1844 ·
80 1799 199 1889 μάτων
225 1798 292 1894 ὁδῷ
315 1798 431 1889 βαδιζ
416 1804 517 1870 outoni
538 1800 766 1894 ἀνατροπέας,
796 1805 915 1878 idest,
952 1802 1118 1884 Sophistas
1140 1801 1416 1883 etphilosophiae

2 1927 6 1937 ·
81 1908 196 1980 pestes
218 1899 485 1982 decretorumque
507 1910 595 1961 recta
617 1898 668 1960 vin
690 1896 932 1980 procedentium
953 1917 1123 1960 eversores
1140 1916 1177 1958 ac
1191 1897 1414 1979 deturhatores
1482 1959 1489 1977 ,

3 2036 7 2053 .
82 1992 260 2073 appellant.
319 1993 418 2071 Qirod
445 2002 549 2054 aretem
581 2013 652 2055 eum
682 1994 743 2054 snb
772 1991 973 2075 antiquorum
1007 1988 1196 2052 anctoritate
1228 1974 1414 2051 delitescere

86 2084 235 2149 voluisse
262 2086 417 2149 Iarcnllns
441 2084 503 2159 ait,
535 2084 567 2148 id
589 2085 742 2148 eiusmodi
765 2086 846 2147 est2.
904 2085 987 2146 Nam
1009 2106 1104 2166 quum
1128 2082 1292 2146 Arcesilas
1315 2081 1415 2145 ambi·

1 2240 3 2245 ,
81 2180 162 2241 tiosi
191 2180 329 2243 novandi
358 2201 397 2241 ne
427 2179 635 2242 calumniandi
666 2177 762 2241 'studii
794 2176 943 2240 invidiam
974 2176 1132 2240 declinare
1166 2187 1314 2258 cuperet,
1349 2195 1415 2238 non

1 2307 8 2343 s
79 2274 189 2336 solum
221 2274 395 2336 aSocrate
418 2260 640 2355 Platoneque,
677 2292 757 2355 qnos
781 2271 950 2354 stragistros
973 2272 1129 2346 iactabat,
1169 2292 1201 2334 se
1225 2290 1287 2333 non
1310 2268 1414 2333 desci-
1472 2331 1475 2337 ,

7 2402 11 2434 ;
82 2367 173 2428 visse
195 2352 362 2429 ostendere
386 2367 588 2440 conabatur,
605 2366 659 2427 sed
682 2377 713 2426 et
734 2364 940 2469 physicorum
965 2344 1251 2444 philosophorum,
1278 2364 1358 2448 qni.
1350 2364 1414 2427 So·

1 2500 6 2534 7
81 2459 184 2519 eratis
205 2469 307 2520 aetate
330 2457 511 2538 superiores
533 2458 684 2532 fuerunt,
709 2458 861 2520 maiorem
883 2467 1007 2538 partem
1030 2477 1091 2537 pro
1115 2477 1192 2530 sna,
1217 2457 1285 2520 sive
1306 2457 1412 2539 potins

1 2546 32 2620 ᾖ
82 2552 270 2632 Pyrrhonis
294 2552 483 2632 acmalepsia
506 2553 691 2655 epocheque
714 2550 866 2612 citabat³.
913 2549 1009 2628 Quod
1028 2570 1092 2612 non
1112 2532 1251 2612 candide
1256 2563 1309 2612 asu
1324 2554 1413 2615 hono

1 2684 9 2723 p
81 2646 192 2708 animo
215 2644 348 2725 abipso
370 2644 458 2720 lieri,
487 2645 542 2728 qui
564 2656 638 2706 tunc
660 2657 751 2707 erant
773 2643 942 2750 Sophistae
964 2642 1273 2724 interpretabantur,
1307 2643 1412 2708 illum

1 2782 10 2817 r:
81 2760 150 2820 qne
170 2739 416 2814 insimulabant,
443 2738 531 2821 quasi
553 2738 685 2819 propria'
708 2761 744 2800 ac
770 2738 895 2800 minime
917 2737 1043 2821 antiqua
1067 2740 1191 2800 decreta
1214 2738 1352 2824 antiquis
1382 2749 1414 2803 et
1444 2728 1451 2739 ⁸

1 2878 10 2907 ,
79 2831 260 2894 illustribus
290 2830 386 2903 viris,
422 2830 549 2893 Socrati
570 2829 600 2893 et
622 2833 756 2896 Platoni
772 2831 1016 2914 Parmenidique
1039 2843 1133 2916 atque
1154 2830 1342 2895 Democrito
1365 2832 1414 2895 al·

72 2924 240 3008 lingeret,
278 2934 312 2986 ut
341 2923 505 2985 doctrinae
534 2945 610 2986 sitae
632 2925 854 2989 alletoritatem
876 2926 1033 3009 iidemque
1056 2928 1140 3007 apud
1163 2927 1277 3008 vulgus
1300 2924 1410 2987 conci·
1438 2978 1444 3005 ,

4 3069 11 3103 c
82 3017 190 3080 lieret.
233 3017 356 3079 Verum
379 3018 612 3098 Acataiepsiae,
637 3018 670 3102 id
690 3023 959 3101 est,·desperatae
982 3018 1274 3101 comprehensionis
1292 3021 1410 3103 dogma

1 3168 5 3174 .
84 3131 129 3172 ex
159 3112 306 3174 Homero
335 3111 408 3191 ipso
438 3110 728 3197 antiquissimisque
751 3114 819 3176 aliis
849 3113 1004 3194 repetitur
1033 3126 1065 3175 et
1094 3114 1301 3178 confirmatur
1329 3116 1412 3196 apud

1 3197 11 3293 '3
81 3203 254 3266 Leontium
284 3203 314 3265 in
337 3206 557 3283 ‘Pyrrhoneh
619 3202 715 3287 Qrtod
744 3207 838 3270 etiam
870 3206 990 3271 Cicero
1023 3207 1055 3271 in
1091 3209 1230 3272 Lucullo
1266 3210 1408 3291 probare

2 3364 3 3367 ,
81 3292 209 3361 studet:
234 3318 367 3382 namque
389 3298 421 3360 id
435 3299 632 3362 Acaderuicis
649 3303 793 3365 omnibns
808 3314 882 3383 post
900 3301 1076 3365 Arcesilam
1094 3301 1292 3383 propositum
1313 3292 1425 3365 luisse
1503 3314 1508 3325 ’

81 3387 224 3454 videtur.
269 3393 409 3455 Multum
432 3391 532 3478 igitur
554 3393 678 3457 diversa
703 3396 799 3479 origo
822 3415 926 3458 novae
949 3394 1017 3456 sive
1038 3394 1180 3469 mediae,
1203 3395 1319 3469 idest,
1343 3394 1410 3457 Ar·

1 3481 10 3573 f,
71 3484 220 3548 cesileae
242 3485 456 3562 theudecarius,
481 3490 522 3550 ab
547 3488 614 3551 aliis
637 3489 841 3571 philosophis
861 3489 1063 3551 ambitionem
1086 3501 1119 3555 et
1149 3488 1333 3551 calumniam
1365 3499 1413 3549 at·

3 3644 9 3671 ,
81 3600 149 3663 qne
170 3580 405 3645 contentionem
428 3584 646 3659 cursantibus,
679 3595 710 3644 et
740 3582 818 3644 ab
808 3582 887 3663 ipsis
909 3581 1106 3644 Academicis
1130 3593 1410 3646 commemoratur.

3 3728 9 3747 ,
82 3674 131 3738 Ili
153 3674 234 3735 enim
258 3674 338 3736 sic.
356 3662 466 3747 „Cum
491 3677 622 3739 Zenone
645 3680 693 3757 (nt
715 3674 904 3757 accepimns)
926 3674 1090 3737 Arcesilas
1112 3675 1173 3737 sibi
1195 3696 1286 3736 omne
1309 3688 1412 3736 certa

3 3758 8 3855 J
81 3788 156 3830 mcn
179 3766 356 3840 institnit,
371 3792 434 3831 non
458 3770 630 3851 pertinacia
654 3783 708 3831 aut
730 3771 835 3832 studio
859 3767 1025 3841 vincendi,
1060 3779 1096 3830 ut
1118 3766 1192 3830 mibi
1214 3767 1340 3852 quidem
1362 3768 1411 3830 vi·

81 3863 198 3935 dcun,
223 3866 290 3927 sed·
302 3883 410 3925 earnm
431 3885 539 3926 rernm
561 3864 774 3938 obscuritate,
799 3882 880 3946 quae
897 3863 939 3923 ad
953 3861 1208 3925 confessionem
1198 3860 1410 3945 ignorationis

5 3946 9 3955 ’
82 3957 286 4017 adduxerunt
305 3959 492 4035 Socratem,
521 3970 552 4022 et
571 3959 672 4022 veluti
694 3969 833 4020 amantes
849 3957 1033 4030 Socratem,
1056 3955 1298 4030 Democritum,
1322 3956 1412 4019 Ana·

4 4102 7 4127 ,
80 4068 259 4133 sagorum,
288 4052 535 4130 Empedoclem,
561 4072 670 4115 omnes
693 4071 792 4132 paene
807 4060 956 4123 veteres,
982 4049 1036 4133 qni
1052 4051 1129 4112 nihil
1144 4050 1317 4134 cognosci,
1335 4048 1411 4113 nibil

80 4143 225 4224 percipi,
250 4145 324 4206 nibil
349 4145 423 4206 sciri
444 4167 541 4227 posse
563 4146 731 4220 dixerunt,
755 4156 908 4229 angustos
931 4164 1059 4221 sensus,
1084 4143 1260 4206 imbecillos
1276 4142 1408 4217 animos,

4 4232 6 4311 ᾗ
80 4237 195 4298 brevic
218 4239 378 4300 crrrricnla
401 4237 503 4314 vitae,
528 4251 577 4315 et,
602 4250 637 4301 ut
659 4238 882 4313 Democritus,
913 4238 944 4301 in
966 4239 1128 4319 profundo
1152 4237 1318 4301 veritatem
1341 4257 1410 4300 esse

4 4314 6 4403 f
82 4332 281 4404 demersam,
306 4331 509 4411 opinionibus
532 4343 563 4397 et
583 4331 733 4396 institutis
756 4334 860 4396 omnia
881 4332 1007 4408 teneri,
1022 4332 1101 4395 nihil
1117 4331 1244 4416 veritati
1258 4328 1408 4416 relinqui,

4 4420 5 4499 ]
80 4420 195 4485 deinde
218 4424 321 4487 omnia
344 4426 484 4489 tenebris
508 4426 697 4491 cireutnsnsa
721 4448 790 4489 esse
812 4425 960 4489 dixerunt
970 4426 1017 4489 ⁵.”

170 4518 302 4580 Unicam
333 4540 414 4603 ergo
443 4531 564 4581 tantum
591 4521 813 4595 Academiam,
852 4520 940 4581 cuins
964 4519 1118 4604 originem
1140 4514 1410 4603 et‘anriqniratem

44 4597 49 4606 ⁵
81 4625 99 4672 a
131 4610 265 4674 Socrate
294 4611 512 4698 Platoneque‚
551 4626 605 4676 aut
637 4614 728 4678 etiarn
762 4613 1003 4699 antiquioribus
1027 4625 1191 4696 repetunt,
1227 4611 1410 4678 Academici

80 4754 1406 4775 mnu—mmm
1465 4771 1468 4775 ,

159 4852 197 4927 (¹)
218 4854 259 4907 De
289 4870 431 4907 commun.
452 4859 560 4908 notitiis
580 4854 706 4909 adversus
726 4853 884 4929 Stoicosp.
904 4812 985 4912 mss.
1006 4856 1115 4910 AetB.
1155 4852 1414 4928 (mundanarum.

79 4930 150 4983 libr.
171 4935 198 4988 5
218 4928 251 4984 de
271 4927 333 4982 ials.
354 4935 497 5001 sapimus.
520 4934 545 4986 ι.
568 4930 622 4999 p(³
642 4930 782 4984 Plutarch.
807 4929 867 4985 adv.
888 4928 1026 4987 Colorem.
1066 4928 1190 5001 (twice
1212 4931 1286 4983 Sext.
1307 4930 1410 4983 advers.

80 5012 125 5065 c't
119 5004 223 5078 ciplin.
237 5020 296 5078 cap.
311 5005 344 5057 de
360 5010 515 5059 criterioet
528 5006 699 5080 Hyporypos
713 5005 763 5061 lib.
777 5015 804 5064 1.
836 5003 872 5080 (⁵)
893 5005 954 5059 Cic.
969 5006 1055 5060 Acad.
1070 5005 1113 5063 ad.
1126 5010 1202 5060 Varr.
1215 5004 1265 5060 lib.
1279 5016 1304 5063 1.
1318 5006 1351 5060 G.
1366 5011 1414 5066 15.
