3288 5490
782 204 1118 279 ,.

205 308 222 339 Ι

520 398 614 469 Lm.
637 400 689 464 11.
733 399 774 489 c.
799 398 852 460 rt.
877 349 931 460 ra.
1101 388 1106 406 ⁸
1325 384 1329 395 '
1364 403 1404 467 ar

89 527 154 612 inlhl
174 522 299 609 videris.
345 545 409 608 Sed
426 542 505 609 illud
523 542 679 625 primum,
714 541 907 623 sapientem,
938 541 966 607 at
982 564 1168 607 assensurus
1184 555 1286 620 esset,
1311 545 1406 610 etiam

87 643 292 726 opinaturum,
314 626 429 715 falsum
457 659 527 701 esse
547 651 579 704 et
603 637 704 703 Stoici
727 637 855 714 dicunt,
881 649 1039 723 eteorum
1058 639 1269 722 adstipulator
1285 639 1406 705 Antio·

87 741 174 803 chus:
196 733 388 821 posseqcnim
403 755 473 797 cum
488 734 600 799 salsas
620 733 723 809 veris,
748 743 780 793 et
795 752 955 815 quaeuon
970 733 1115 816 possint1
1131 735 1265 817 percipi,
1283 736 1402 819 abiis⁹,

85 852 157 917 quae
170 830 308 911 possint,
327 828 535 913 distinguere.
561 830 613 892 68.
631 827 736 891 Nobis
752 839 856 897 utitem
866 826 1023 909 primum,
1045 827 1139 891 etiam
1153 828 1179 891 si
1192 830 1268 913 qnid
1280 827 1405 911 percipi

85 927 187 1010 possit,
203 937 304 986 tamen
316 923 386 1005 ipsa
395 925 593 986 cousuetudo
606 922 798 986 assentiendi
810 921 992 1003 periculosa
1009 926 1216 989 essevidctur
1225 937 1256 987 et
1268 922 1404 987 lubrica.
1440 988 1459 1007 ,Ι

86 1021 290 1101 Quamobrem
313 1040 408 1099 quum
425 1030 489 1079 tam
506 1017 655 1097 vitiosum
672 1037 741 1079 esse
756 1027 899 1091 constet,
925 1019 1072 1081 assentiri
1088 1020 1258 1104 quidquam
1275 1031 1329 1081 aut
1343 1018 1405 1080 tat·
1507 1072 1515 1089 ,

84 1137 160 1189 siim,
177 1125 228 1175 aut
243 1111 454 1194 incognitum,
472 1111 653 1175 sustinenda
669 1121 717 1174 est
732 1110 841 1192 potius
858 1113 961 1176 omnis
977 1116 1130 1190 assensio,
1148 1137 1186 1177 ne
1202 1113 1404 1199 praecipitet,

84 1208 106 1271 si
119 1220 230 1270 temere
246 1204 456 1287 processerit.
480 1191 531 1290 It'a
546 1204 628 1275 enim
642 1205 774 1268 finitima
786 1217 859 1267 suut
873 1204 953 1269 falsa
968 1208 1071 1284 veris,
1096 1230 1196 1294 eaque
1206 1206 1224 1285 ,'
1234 1230 1314 1293 quae
1328 1229 1406 1290 per·
1478 1208 1480 1213 ’

84 1299 138 1380 cipi
151 1321 211 1363 non
227 1311 372 1380 possunt,
391 1299 447 1373 iis,
465 1322 547 1384 quae
560 1301 730 1381 possunt³,
751 1298 897 1377 (simodo
912 1320 950 1362 ea
964 1312 1038 1364 sunt
1052 1306 1224 1387 quaedam3
1245 1305 1306 1368 iam
1322 1304 1405 1368 enim

84 1392 244 1457 videbimus
257 1395 283 1472 ε)
298 1404 333 1454 ut
348 1404 412 1455 tam
434 1392 641 1476 praecipitem
656 1394 688 1456 in
703 1393 832 1456 locunt
849 1414 913 1456 non
929 1396 1043 1457 debeat
1062 1417 1096 1462 se
1115 1397 1240 1479 sapiens
1258 1401 1405 1464 commit·

19 1562 20 1565 Ἴ
84 1501 153 1551 tere.
176 1487 228 1550 Sin
249 1500 353 1549 autem
370 1488 511 1565 omnino,
530 1488 609 1551 nihil
624 1509 713 1571 esso,
738 1490 827 1569 quod
841 1487 964 1570 percipi
978 1489 1099 1571 possit,
1125 1512 1143 1553 a
1162 1514 1211 1555 me
1220 1515 1404 1576 sumpsero,

19 1662 21 1669 y
84 1595 120 1657 et,
139 1584 269 1664 quodtu
287 1581 361 1644 mihi
384 1584 459 1656 das,
478 1603 652 1664 accepero,
685 1581 859 1664 sapientem
881 1582 960 1645 nihil
981 1564 1124 1665 opinari3
1152 1586 1300 1649 effectum
1326 1588 1406 1651 illud
1463 1653 1465 1656 .

19 1684 21 1731 5
83 1677 134 1738 erit
145 1723 153 1754 ,
167 1677 339 1759 sapientem
357 1697 503 1739 assensus
520 1662 629 1759 omues
653 1674 890 1742 cohibiturum:
914 1688 949 1739 ut
969 1677 1137 1741 videndum
1156 1679 1233 1742 tibi⁵
1252 1681 1313 1756 sit,
1330 1681 1407 1746 idue

19 1824 21 1831 ,
82 1771 180 1847 malis,
198 1793 234 1833 an
251 1771 370 1856 aliquid
387 1770 590 1853 opinaturum
606 1778 676 1835 esse
694 1770 883 1852 sapientem.
918 1772 1089 1849 Neutrum,
1106 1773 1243 1858 inquies,
1260 1772 1403 1840 illorum.

19 1902 20 1935 3
81 1865 213 1929 Nitamur
225 1865 336 1948 igitur,
351 1865 432 1929 nihil
448 1887 544 1947 posse
558 1866 700 1948 percipi;
719 1864 835 1929 etenim
846 1867 885 1927 de
898 1886 939 1930 eo
951 1865 1053 1933 omnis
1065 1879 1114 1930 est
1125 1869 1371 1935 controversia.

19 2016 20 2019 ,
153 1961 273 2024 XXII.
299 1961 352 2025 69.
377 1961 441 2024 Sed
451 1961 540 2043 prius
554 1981 739 2042 paucarum
752 1958 938 2035 Antiocho,
957 1961 1012 2044 qui
1025 1962 1106 2024 haec
1116 1960 1204 2043 ipsa,
1228 1982 1310 2046 quae
1325 1983 1404 2026 ame

19 2112 20 2147 ,
82 2052 300 2130 defenduntur,
325 2066 358 2117 et
373 2053 478 2118 didicit
494 2056 578 2136 apud
599 2056 768 2122 Philonem
782 2066 849 2117 tam
865 2055 937 2131 diu,
961 2066 997 2118 ui
1015 2068 1198 2143 constaret,
1220 2057 1344 2120 diutius.
1356 2057 1406 2120 di-

19 2152 21 2219 i
82 2145 180 2210 dicisse
202 2149 378 2227 neminem,
402 2161 434 2225 et
456 2149 583 2231 scripsit
609 2152 647 2212 dc
668 2150 718 2213 his
736 2152 835 2213 rebus
853 2151 1052 2226 acutissime;
1076 2163 1107 2214 et
1132 2151 1215 2214 idem
1243 2152 1322 2214 haec
1339 2173 1406 2215 non

19 2234 21 2259 ²
82 2240 192 2304 acriust
211 2232 418 2319 accusavit-in
438 2254 621 2317 senectute,
638 2264 732 2326 qnam
752 2255 843 2305 antea
857 2243 1114 2309 defensitaverat.
1139 2245 1293 2324 Quamvis
1304 2245 1405 2330 igitur

19 2322 21 2339 ¹
81 2333 163 2399 luerit
182 2349 313 2410 acutus,
331 2348 367 2398 ut
380 2337 461 2412 iuit3
485 2348 589 2399 tamen
602 2336 815 2400 inconstantia
826 2337 970 2400 levatur⁷
988 2338 1176 2403 auctoritas.
1208 2340 1288 2419 Quis
1300 2339 1404 2410 enim⁸

19 2448 20 2471 ἐ
81 2427 206 2494 istedies
229 2431 391 2507 illuxerit,
428 2452 567 2514 quaero,
602 2431 658 2515 qui
676 2431 722 2493 illi
736 2426 913 2495 ostenderit
931 2428 1017 2508 eam,
1054 2434 1283 2516 quammultos
1303 2453 1404 2496 annos

82 2543 139 2585 esse
160 2525 399 2611 negitavisset,
415 2527 490 2588 ueri
512 2538 544 2589 ct
564 2525 638 2590 falsi
659 2525 791 2589 notam?
813 2526 1023 2614 Excogitavit
1040 2527 1187 2612 ‚aliquiti’
1210 2529 1332 2591 Eadem
1355 2528 1406 2590 di·
1503 2590 1508 2599 ,

19 2604 21 2629 '
80 2616 132 2693 cit,
156 2643 235 2704 quac
259 2618 375 2684 Stoici.
410 2618 578 2706 Poenituit
598 2642 670 2682 eum
690 2618 744 2682 illa
765 2619 925 2682 sensisse?
949 2619 1018 2684 Cur
1040 2643 1106 2697 nou
1127 2643 1161 2684 se
1183 2623 1342 2684 transtulit
1365 2611 1425 2689 ads

19 2736 20 2767 2
83 2710 167 2788 alios,
191 2725 224 2776 et
238 2714 376 2778 maxime
398 2717 438 2777 ad
460 2713 612 2793 Stoicos?
634 2734 746 2776 eorum
768 2713 850 2777 enim
873 2727 941 2776 erat
962 2715 1096 2797 propria
1118 2714 1179 2778 ista
1201 2716 1353 2780 dissensio
1363 2721 1404 2781 ¹⁰.

83 2803 178 2882 Quid?
201 2829 273 2870 eum
293 2807 485 2870 Mnesarchi
507 2807 716 2890 poenitebat?
739 2809 814 2892 quid
827 2808 877 2871 ¹¹?
900 2809 1067 2897 Dardani?
1090 2810 1147 2894 qui
1162 2823 1252 2872 erant
1267 2811 1405 2875 Athenis

19 2912 21 2955 t
82 2908 136 2962 tum
150 2901 525 2984 principes·Stoicorum.
552 2905 724 2987 Nunquam
747 2902 914 2966 aPhilone
930 2903 1091 2980 discessit,
1117 2903 1176 2966 nisi
1194 2917 1407 2989 posteaquam
1473 2908 1479 2937 s

19 3012 20 3015 ¹
81 2991 140 3072 ipse
161 2997 288 3078 coepit,
313 2996 415 3080 quise
431 2997 594 3073 audirent,
619 2998 750 3072 habere.
785 2999 838 3059 to.
857 2999 949 3063 Unde
967 3008 1069 3061 autem
1088 2998 1196 3061 subito
1212 3010 1304 3061 vetus
1317 2999 1405 3063 Aca-

19 3078 21 3167 ‡
82 3087 372 3154 demiarevocata¹²
395 3091 468 3155 est?
490 3091 638 3157 Nominis
664 3090 849 3176 dignitatem
873 3091 1020 3166 videtur,
1044 3112 1142 3174 quum
1164 3113 1181 3153 a
1204 3092 1327 3173 reipsa
1349 3097 1406 3156 de·
1461 3129 1469 3139 ·

19 3170 21 3217 ἶ
82 3180 243 3259 scisceret,
269 3186 408 3248 retinere
423 3185 582 3260 voluisse3
602 3189 691 3269 qdod
706 3196 814 3261 erant,
837 3185 891 3270 qui
905 3184 1404 3270 itinngloriaeesusatfacere¹³

19 3330 20 3341 ,
82 3273 229 3354 dicerent3
256 3299 387 3361 sperare
407 3280 554 3357 etiamr,
577 3279 672 3356 sore,
696 3291 732 3341 ut
752 3279 821 3354 ii¹⁵‚
843 3278 902 3364 ,qui
923 3300 958 3342 se
979 3291 1212 3364 sequerentur,
1238 3281 1408 3345 Antiochii

19 3448 21 3465 .
82 3386 283 3435 vocarentur.
325 3373 410 3438 Mihi
432 3387 535 3438 autem
558 3374 657 3458 magis
679 3374 804 3438 videtur
832 3394 897 3437 non
924 3372 1245 3456 potuissesuninere
1268 3395 1407 3438 concur-

82 3483 140 3526 sum
162 3467 304 3531 omnium
326 3469 608 3551 philosophorum.
665 3466 795 3537 Etenim
825 3469 864 3529 de
893 3469 1007 3531 ceteris
1031 3476 1104 3531 sunt
1125 3468 1301 3531 interillos
1324 3490 1407 3531 non-

83 3582 1409 3610 mmm—*mm

150 3638 186 3704 (¹)
204 3646 381 3709 -possunt
400 3639 481 3692 Grut.
502 3638 586 3691 solus.
614 3638 653 3714 (²)
674 3639 722 3692 Sic
739 3642 779 3693 M.
800 3640 831 3692 L.
851 3639 887 3693 D.
910 3648 934 3696 1.
953 3668 992 3699 ···.
1010 3639 1055 3691 his
1074 3641 1109 3694 H.
1131 3644 1164 3693 V.
1185 3641 1220 3694 G.
1241 3648 1269 3696 2.
1297 3641 1339 3716 (5)
1359 3642 1409 3696 Sic
1448 3677 1452 3685 ι

19 3712 20 3719 ’
83 3707 112 3761 L.
129 3709 156 3765 i.
174 3713 209 3766 D.
231 3713 268 3767 G.
288 3720 315 3769 2.
336 3713 403 3788 (nisi
423 3702 497 3786 quod
518 3713 547 3766 hi
568 3712 622 3766 duo
634 3734 640 3767 :
654 3713 720 3783 his.)
733 3744 772 3755 —-
790 3715 825 3764 ab
845 3719 881 3765 iis
898 3715 965 3767 Ern.
981 3722 1007 3772 1.
1017 3721 1113 3768 nescio
1124 3734 1179 3788 quo
1192 3702 1409 3774 ermina—om.
1432 3786 1434 3789 Ι
1486 3727 1491 3740 ‘

19 3816 21 3839 ;
82 3788 120 3851 iis,
139 3807 206 3857 qliae
222 3790 345 3861 portant
363 3787 433 3844 Cdd.
453 3790 490 3842 H.
505 3790 541 3842 V.
563 3790 615 3856 M.,
634 3792 681 3862 qui
702 3806 757 3844 tres
777 3806 936 3863 praeterea:
958 3811 1044 3863 eapite
1064 3811 1132 3863 qrtae
1141 3799 1250 3864 percipi
1265 3803 1408 3865 possiunt.)

83 3857 115 3933 (l)
133 3861 179 3916 Sic
196 3864 234 3918 D.
256 3862 282 3920 i.
310 3867 344 3918 G.
366 3871 391 3920 2.
410 3873 564 3916 —tamen
583 3870 613 3916 in
637 3885 667 3937 p.
692 3866 711 3919 l.
741 3865 776 3918 H.
803 3869 835 3919 V.
857 3866 898 3921 M.
918 3866 949 3919 L.
972 3871 1054 3927 1566·
1075 3866 1126 3941 (-
1144 3873 1174 3918 in
1193 3877 1253 3920 tam
1268 3888 1315 3941 pr.
1335 3872 1354 3922 l.
1373 3873 1408 3927 L.
1491 3868 1494 3875 ¹

19 3996 20 4007 ἶ
84 3944 161 4010 susp.)
181 3936 220 4013 (5)
242 3939 289 3993 Sic
308 3941 343 3995 Η.
363 3942 395 3992 V.
416 3940 451 3996 G.
471 3947 497 3996 2.
516 3962 555 3998 =
573 3941 625 3992 tibi·
642 3940 702 3995 vid.
722 3942 764 3994 M.
787 3941 819 3993 L.
838 3941 874 3993 D.
895 3950 921 3998 1.
942 3939 983 4016 (ὅ)
1002 3971 1041 3985 -·
1059 3962 1117 3994 non
1129 3951 1238 3995 acutius
1249 3944 1318 3999 haec
1331 3946 1366 4000 G.
1378 3947 1410 4006 Ε.

19 4010 21 4033 ²
83 4029 149 4065 recte
160 4013 304 4086 repudiata
325 4017 421 4077 asch.
445 4032 473 4070 et
493 4015 608 4090 Madvig
627 4017 650 4069 t.
671 4035 698 4088 p.
721 4020 785 4074 161.
806 4033 844 4070 co
864 4018 1331 4082 0.m.n0ntt.,ut-v01ebatum.
1358 4025 1409 4080 Est

19 4126 20 4129 ,
84 4099 169 4142 tamen
196 4088 266 4143 falsa
296 4083 445 4145 correctio.
470 4089 522 4167 (-
538 4091 590 4145 hoc
610 4099 641 4143 ut
659 4096 755 4143 acrius
773 4089 818 4165 B.)
867 4090 905 4166 (7)
923 4121 963 4134 —
980 4095 1108 4145 elevatur
1133 4096 1169 4149 Η.
1208 4093 1256 4170 ’(8)
1277 4096 1325 4150 Sic
1343 4102 1424 4154 c‘um.

19 4194 20 4203 .
83 4160 145 4218 Cdd.
164 4167 194 4219 L.
216 4171 246 4218 in
266 4184 305 4219 m.
326 4170 416 4229 1584.
429 4167 465 4220 D.
486 4166 522 4220 G.
543 4174 570 4222 2.
590 4197 627 4213 -
646 4173 725 4238 quis,
746 4171 874 4238 inquam,
893 4174 967 4219 enim
986 4170 1021 4223 H.
1041 4171 1075 4224 V.
1095 4174 1137 4226 Μ.
1159 4179 1185 4227 1.
1202 4200 1241 4215 -·-
1256 4178 1317 4242 quis
1335 4183 1410 4229 enim
1492 4181 1496 4199 ¹

19 4260 21 4307 q
84 4254 194 4309 tanquam
214 4242 246 4294 L.
267 4240 296 4296 G.
318 4244 448 4301 15660-
459 4248 586 4314 pacianum
605 4248 678 4295 enim
696 4244 733 4297 D.
753 4240 787 4297 C.
809 4243 876 4297 Nati
896 4258 960 4297 sunt
980 4263 1087 4299 errores
1108 4265 1122 4298 e
1141 4245 1207 4299 lect.
1218 4250 1249 4300 B.
1261 4267 1268 4300 :
1281 4259 1410 4320 -quisa-

19 4318 20 4343 t
84 4328 157 4381 priam
176 4321 248 4368 mim
267 4321 330 4372 iste,
378 4315 419 4391 (9)
440 4318 487 4371 Sic
505 4318 541 4371 D.
563 4319 599 4372 G.
620 4326 647 4376 2.
666 4323 888 4387 -negavisset
907 4321 941 4372 H.
962 4321 994 4373 V.
1017 4316 1047 4374 L.
1068 4331 1093 4379 1.
1120 4322 1162 4375 De
1183 4327 1409 4395 interpunctione
1504 4338 1508 4345 ’

85 4403 150 4460 seqq.
169 4412 195 4446 v.
217 4391 340 4465 Madvig.
362 4395 384 4447 t.
405 4413 432 4466 p.
454 4395 518 4451 162.
556 4391 607 4468 (¹⁰)
632 4422 671 4438 -
690 4393 820 4465 defensio
840 4398 872 4449 B.
892 4395 928 4448 H.
948 4394 990 4448 M.
1009 4397 1042 4450 L.
1080 4395 1133 4471 (¹¹)
1153 4426 1192 4439 —
1209 4398 1293 4469 maid?
1323 4400 1358 4458 G.
1379 4403 1410 4459 G.

57 4518 64 4537 x
85 4468 107 4516 2.
126 4464 225 4521 Male.⁴
258 4464 366 4542 (13)-
384 4477 525 4522 renovata
543 4471 586 4523 M.
631 4468 683 4544 (ῐὲ)
704 4472 751 4525 Sic
771 4471 849 4524 Cam.
870 4468 900 4529 G.
920 4485 947 4523 et
965 4472 999 4541 t..
1021 4469 1103 4531 1'566.
1124 4475 1226 4525 Rursus
1245 4474 1312 4527 Ern.
1333 4492 1409 4554 susp,

84 4552 142 4592 stne
168 4549 322 4598 verissima.
348 4573 387 4588 -
414 4563 501 4595 carisa
517 4543 676 4616 fecerunt,
709 4564 750 4617 sp.
781 4545 850 4598 Cdd.
877 4546 974 4618 pleriq.
994 4546 1027 4603 B.
1047 4549 1081 4603 H.
1102 4549 1247 4618 Corrupte.
1266 4547 1305 4591 -‘-
1323 4569 1411 4608 caiisa

78 4609 206 4680 facerent
214 4637 337 4691 sperare,
344 4618 428 4690 fore,
440 4618 541 4692 Margo
556 4623 602 4673 Cr.
613 4624 647 4674 V.
660 4630 686 4679 1.
696 4621 731 4675 G.
742 4627 768 4677 2.
777 4618 898 4686 (videtur
908 4620 948 4688 li„
958 4638 1023 4676 sane
1033 4623 1130 4698 mala.)
1143 4641 1181 4679 on
1190 4621 1324 4694 cfecisse
1337 4632 1413 4683 (sice.
1460 4617 1477 4687 ,i

86 4698 158 4759 teni,
187 4712 228 4766 sp.
249 4715 264 4748 e
286 4694 355 4749 Cdd.
376 4695 442 4767 aliq.
467 4695 505 4749 D.
526 4694 606 4768 prob.
627 4695 832 4769 Madvig..Sed
852 4699 922 4751 haec
942 4716 1112 4772 quoqueest
1132 4698 1170 4758 Ε.
1192 4705 1322 4773 peiusque
1345 4725 1411 4762 sane
1479 4716 1483 4725 '

86 4768 306 4862 empericorum:
335 4789 368 4825 eo
395 4776 458 4845 ipso
486 4777 563 4825 enim
589 4787 731 4865 tempore,
758 4778 857 4852 quo-is
883 4772 1110 4866 Acadqveterem
1130 4775 1298 4845 revocabar,
1317 4782 1415 4837 adver.

86 4843 769 5000 tvdefitinsistemusitta.
788 4847 1362 4993 liinftt40..l..·;.‘.²sst'ili,
1375 4860 1412 4991 i:

19 4998 21 5067 ξ
86 4988 169 5053 Vi‘G.
190 5003 214 5053 2.
234 5000 320 5073 (Item
341 4998 428 5067 inira,
448 4999 498 5054 ubi
518 5004 540 5054 n·
560 5000 726 5072 anemii.»
785 5052 789 5061 ,
1365 5044 1368 5050 .
