<?xml version="1.0" encoding="UTF-8"?>
<!DOCTYPE html PUBLIC "-//W3C//DTD XHTML 1.0 Transitional//EN"
    "http://www.w3.org/TR/xhtml1/DTD/xhtml1-transitional.dtd">
<html xmlns="http://www.w3.org/1999/xhtml" xml:lang="en" lang="en">
 <head>
  <title>
</title>
<meta http-equiv="Content-Type" content="text/html;charset=utf-8" />
  <meta name='ocr-system' content='tesseract 3.04.00' />
  <meta name='ocr-capabilities' content='ocr_page ocr_carea ocr_par ocr_line ocrx_word'/>
</head>
<body>
  <div class='ocr_page' id='page_1' title='image "./mtulliiciceroni01orelgoog_0046.png"; bbox 0 0 3288 5490; ppageno 0'>
   <div class='ocr_carea' id='block_1_1' title="bbox 622 382 1452 479">
    <p class='ocr_par' dir='ltr' id='par_1_1' title="bbox 622 382 1452 479">
     <span class='ocr_line' id='line_1_1' title="bbox 622 382 1452 479; baseline -0.001 -25"><span class='ocrx_word' id='word_1_1' title='bbox 622 389 717 468; x_wconf 77' lang='lat' dir='ltr'>nm.</span> <span class='ocrx_word' id='word_1_2' title='bbox 741 384 790 461; x_wconf 91' lang='lat'>11.</span> <span class='ocrx_word' id='word_1_3' title='bbox 837 385 882 456; x_wconf 68' lang='lat' dir='ltr'>c:</span> <span class='ocrx_word' id='word_1_4' title='bbox 904 386 956 479; x_wconf 73' lang='grc' dir='ltr'>ιι.</span> <span class='ocrx_word' id='word_1_5' title='bbox 1248 413 1252 421; x_wconf 92' lang='grc'><strong>-</strong></span> <span class='ocrx_word' id='word_1_6' title='bbox 1412 382 1452 477; x_wconf 78' lang='lat' dir='ltr'>ai</span> 
     </span>
    </p>
   </div>
   <div class='ocr_carea' id='block_1_2' title="bbox 115 527 1451 715">
    <p class='ocr_par' dir='ltr' id='par_1_2' title="bbox 115 527 1451 715">
     <span class='ocr_line' id='line_1_2' title="bbox 116 527 1451 615; baseline -0.002 -15"><span class='ocrx_word' id='word_1_7' title='bbox 116 531 233 600; x_wconf 78' lang='lat' dir='ltr'>ceteris</span> <span class='ocrx_word' id='word_1_8' title='bbox 258 533 417 610; x_wconf 81' lang='lat' dir='ltr'>omuibus,</span> <span class='ocrx_word' id='word_1_9' title='bbox 442 536 567 597; x_wconf 83' lang='lat' dir='ltr'>centnm</span> <span class='ocrx_word' id='word_1_10' title='bbox 583 532 809 611; x_wconf 70' lang='lat' dir='ltr'>Alexandros-¹</span> <span class='ocrx_word' id='word_1_11' title='bbox 825 531 965 597; x_wconf 86' lang='lat' dir='ltr'>eiusdem</span> <span class='ocrx_word' id='word_1_12' title='bbox 982 527 1070 611; x_wconf 83' lang='lat' dir='ltr'>medi</span> <span class='ocrx_word' id='word_1_13' title='bbox 1082 529 1190 597; x_wconf 79' lang='lat' dir='ltr'>facere</span> <span class='ocrx_word' id='word_1_14' title='bbox 1212 552 1278 595; x_wconf 84' lang='lat' dir='ltr'>non</span> <span class='ocrx_word' id='word_1_15' title='bbox 1294 531 1451 615; x_wconf 76' lang='lat' dir='ltr'>pesset²i</span> 
     </span>
     <span class='ocr_line' id='line_1_3' title="bbox 115 624 1450 715; baseline -0.002 -22"><span class='ocrx_word' id='word_1_16' title='bbox 115 650 182 715; x_wconf 83' lang='lat' dir='ltr'>qua</span> <span class='ocrx_word' id='word_1_17' title='bbox 201 629 300 714; x_wconf 85' lang='lat' dir='ltr'>igitur</span> <span class='ocrx_word' id='word_1_18' title='bbox 317 626 448 695; x_wconf 83' lang='lat' dir='ltr'>notione</span> <span class='ocrx_word' id='word_1_19' title='bbox 461 625 700 699; x_wconf 81' lang='lat' dir='ltr'>discernercs³?</span> <span class='ocrx_word' id='word_1_20' title='bbox 723 624 777 692; x_wconf 81' lang='grc'><strong>86.</strong></span> <span class='ocrx_word' id='word_1_21' title='bbox 791 625 899 707; x_wconf 83' lang='lat' dir='ltr'><strong>Quid?</strong></span> <span class='ocrx_word' id='word_1_22' title='bbox 921 628 947 691; x_wconf 84' lang='lat' dir='ltr'>si</span> <span class='ocrx_word' id='word_1_23' title='bbox 962 626 993 690; x_wconf 91' lang='lat' dir='ltr'>iu</span> <span class='ocrx_word' id='word_1_24' title='bbox 1009 626 1147 692; x_wconf 77' lang='lat' dir='ltr'>eiusdem</span> <span class='ocrx_word' id='word_1_25' title='bbox 1163 625 1269 690; x_wconf 65' lang='lat' dir='ltr'>modii</span> <span class='ocrx_word' id='word_1_26' title='bbox 1284 647 1358 690; x_wconf 87' lang='lat' dir='ltr'>cera</span> <span class='ocrx_word' id='word_1_27' title='bbox 1374 646 1450 691; x_wconf 84' lang='lat' dir='ltr'>cen·</span> 
     </span>
    </p>
   </div>
   <div class='ocr_carea' id='block_1_3' title="bbox 8 718 1451 808">
    <p class='ocr_par' dir='ltr' id='par_1_3' title="bbox 8 718 1451 808">
     <span class='ocr_line' id='line_1_4' title="bbox 8 718 1451 808; baseline -0.002 -21"><span class='ocrx_word' id='word_1_28' title='bbox 8 768 14 773; x_wconf 92' lang='lat'><em>-</em></span> <span class='ocrx_word' id='word_1_29' title='bbox 113 736 184 787; x_wconf 85' lang='lat' dir='ltr'>tum</span> <span class='ocrx_word' id='word_1_30' title='bbox 204 724 309 808; x_wconf 81' lang='lat' dir='ltr'>sigilla</span> <span class='ocrx_word' id='word_1_31' title='bbox 328 726 391 787; x_wconf 89' lang='lat' dir='ltr'>boc</span> <span class='ocrx_word' id='word_1_32' title='bbox 410 722 764 802; x_wconf 84' lang='lat' dir='ltr'>annuloimprcssero,</span> <span class='ocrx_word' id='word_1_33' title='bbox 798 724 939 807; x_wconf 82' lang='lat' dir='ltr'>ecquae⁵</span> <span class='ocrx_word' id='word_1_34' title='bbox 957 721 1079 804; x_wconf 84' lang='lat' dir='ltr'>poterit</span> <span class='ocrx_word' id='word_1_35' title='bbox 1098 720 1130 784; x_wconf 92' lang='lat' dir='ltr'>iu</span> <span class='ocrx_word' id='word_1_36' title='bbox 1153 718 1357 804; x_wconf 79' lang='lat' dir='ltr'>agnoscendo</span> <span class='ocrx_word' id='word_1_37' title='bbox 1380 740 1451 785; x_wconf 88' lang='lat' dir='ltr'>esse</span> 
     </span>
    </p>
   </div>
   <div class='ocr_carea' id='block_1_4' title="bbox 87 813 1460 2597">
    <p class='ocr_par' dir='ltr' id='par_1_4' title="bbox 87 813 1449 1003">
     <span class='ocr_line' id='line_1_5' title="bbox 87 813 1449 902; baseline -0.001 -21"><span class='ocrx_word' id='word_1_38' title='bbox 87 830 91 837; x_wconf 88' lang='lat'>&#39;</span> <span class='ocrx_word' id='word_1_39' title='bbox 114 817 307 883; x_wconf 82' lang='lat' dir='ltr'>distinctio?</span> <span class='ocrx_word' id='word_1_40' title='bbox 336 839 374 880; x_wconf 89' lang='lat' dir='ltr'>au</span> <span class='ocrx_word' id='word_1_41' title='bbox 396 817 456 880; x_wconf 87' lang='lat' dir='ltr'>tibi</span> <span class='ocrx_word' id='word_1_42' title='bbox 477 816 538 881; x_wconf 89' lang='lat' dir='ltr'>erit</span> <span class='ocrx_word' id='word_1_43' title='bbox 559 817 760 902; x_wconf 85' lang='lat' dir='ltr'>quaerendus</span> <span class='ocrx_word' id='word_1_44' title='bbox 781 814 964 899; x_wconf 74' lang='lat' dir='ltr'>annulariris</span> <span class='ocrx_word' id='word_1_45' title='bbox 988 814 1117 902; x_wconf 83' lang='lat' dir='ltr'>aliqui⁶,</span> <span class='ocrx_word' id='word_1_46' title='bbox 1142 813 1293 900; x_wconf 85' lang='lat' dir='ltr'>quoniam</span> <span class='ocrx_word' id='word_1_47' title='bbox 1316 813 1449 901; x_wconf 76' lang='lat' dir='ltr'>gallina·</span> 
     </span>
     <span class='ocr_line' id='line_1_6' title="bbox 113 902 1159 1003; baseline -0.002 -28"><span class='ocrx_word' id='word_1_48' title='bbox 113 913 199 1003; x_wconf 81' lang='lat' dir='ltr'>rium</span> <span class='ocrx_word' id='word_1_49' title='bbox 222 912 369 976; x_wconf 80' lang='lat' dir='ltr'><strong>invenisti</strong></span> <span class='ocrx_word' id='word_1_50' title='bbox 391 910 586 985; x_wconf 79' lang='lat' dir='ltr'>Deliacum,</span> <span class='ocrx_word' id='word_1_51' title='bbox 601 911 709 986; x_wconf 90' lang='lat' dir='ltr'>illum,</span> <span class='ocrx_word' id='word_1_52' title='bbox 734 910 788 993; x_wconf 92' lang='lat' dir='ltr'>qui</span> <span class='ocrx_word' id='word_1_53' title='bbox 811 933 874 974; x_wconf 86' lang='lat' dir='ltr'>ova</span> <span class='ocrx_word' id='word_1_54' title='bbox 897 902 1159 996; x_wconf 70' lang='lat' dir='ltr'>cognosceretll</span> 
     </span>
    </p>

    <p class='ocr_par' dir='ltr' id='par_1_5' title="bbox 113 992 1460 2597">
     <span class='ocr_line' id='line_1_7' title="bbox 203 992 1450 1085; baseline -0.003 -14"><span class='ocrx_word' id='word_1_55' title='bbox 203 1008 358 1071; x_wconf 84' lang='lat' dir='ltr'><strong>XXVII.</strong></span> <span class='ocrx_word' id='word_1_56' title='bbox 383 1007 446 1071; x_wconf 85' lang='lat' dir='ltr'>Sed</span> <span class='ocrx_word' id='word_1_57' title='bbox 468 1005 598 1069; x_wconf 85' lang='lat' dir='ltr'>adhibes</span> <span class='ocrx_word' id='word_1_58' title='bbox 621 1016 722 1080; x_wconf 78' lang='lat' dir='ltr'>artem</span> <span class='ocrx_word' id='word_1_59' title='bbox 745 1007 931 1068; x_wconf 87' lang='lat' dir='ltr'>advocatam</span> <span class='ocrx_word' id='word_1_60' title='bbox 955 1004 1046 1068; x_wconf 85' lang='lat' dir='ltr'>etiam</span> <span class='ocrx_word' id='word_1_61' title='bbox 1061 992 1227 1085; x_wconf 73' lang='lat' dir='ltr'>sensibus.</span> <span class='ocrx_word' id='word_1_62' title='bbox 1269 1002 1385 1069; x_wconf 81' lang='lat' dir='ltr'>Pictor</span> <span class='ocrx_word' id='word_1_63' title='bbox 1401 1000 1450 1067; x_wconf 84' lang='lat' dir='ltr'>ri·</span> 
     </span>
     <span class='ocr_line' id='line_1_8' title="bbox 113 1086 1450 1184; baseline -0.003 -19"><span class='ocrx_word' id='word_1_64' title='bbox 113 1104 191 1176; x_wconf 84' lang='lat' dir='ltr'>det,</span> <span class='ocrx_word' id='word_1_65' title='bbox 216 1121 299 1184; x_wconf 83' lang='lat' dir='ltr'>quae</span> <span class='ocrx_word' id='word_1_66' title='bbox 322 1123 381 1165; x_wconf 83' lang='lat' dir='ltr'>tros</span> <span class='ocrx_word' id='word_1_67' title='bbox 404 1122 467 1163; x_wconf 86' lang='lat' dir='ltr'>uon</span> <span class='ocrx_word' id='word_1_68' title='bbox 491 1098 650 1174; x_wconf 81' lang='lat' dir='ltr'>videmus3</span> <span class='ocrx_word' id='word_1_69' title='bbox 674 1110 724 1174; x_wconf 86' lang='lat' dir='ltr'>et,</span> <span class='ocrx_word' id='word_1_70' title='bbox 749 1098 842 1165; x_wconf 78' lang='lat' dir='ltr'>situul</span> <span class='ocrx_word' id='word_1_71' title='bbox 862 1098 984 1165; x_wconf 82' lang='lat' dir='ltr'>inflavit</span> <span class='ocrx_word' id='word_1_72' title='bbox 1007 1097 1142 1175; x_wconf 78' lang='lat' dir='ltr'>tibicen,</span> <span class='ocrx_word' id='word_1_73' title='bbox 1168 1086 1450 1182; x_wconf 56' lang='lat' dir='ltr'>aperitocarm&#39;cu</span> 
     </span>
     <span class='ocr_line' id='line_1_9' title="bbox 115 1192 1448 1281; baseline -0.002 -21"><span class='ocrx_word' id='word_1_74' title='bbox 115 1197 318 1281; x_wconf 79' lang='lat' dir='ltr'>agnoscitur.</span> <span class='ocrx_word' id='word_1_75' title='bbox 343 1230 383 1242; x_wconf 93' lang='lat'>-</span> <span class='ocrx_word' id='word_1_76' title='bbox 411 1192 521 1274; x_wconf 81' lang='lat' dir='ltr'>Quid?</span> <span class='ocrx_word' id='word_1_77' title='bbox 544 1195 606 1256; x_wconf 89' lang='lat' dir='ltr'>hoc</span> <span class='ocrx_word' id='word_1_78' title='bbox 629 1213 733 1257; x_wconf 89' lang='lat' dir='ltr'>nonne</span> <span class='ocrx_word' id='word_1_79' title='bbox 756 1192 882 1257; x_wconf 85' lang='lat' dir='ltr'>videtur</span> <span class='ocrx_word' id='word_1_80' title='bbox 904 1205 1016 1265; x_wconf 78' lang='lat' dir='ltr'>centra</span> <span class='ocrx_word' id='word_1_81' title='bbox 1038 1205 1069 1256; x_wconf 88' lang='lat' dir='ltr'>lc</span> <span class='ocrx_word' id='word_1_82' title='bbox 1091 1194 1218 1273; x_wconf 83' lang='lat' dir='ltr'>valere,</span> <span class='ocrx_word' id='word_1_83' title='bbox 1243 1193 1271 1256; x_wconf 86' lang='lat' dir='ltr'>si</span> <span class='ocrx_word' id='word_1_84' title='bbox 1294 1192 1360 1257; x_wconf 89' lang='lat' dir='ltr'>sine</span> <span class='ocrx_word' id='word_1_85' title='bbox 1383 1214 1448 1257; x_wconf 88' lang='lat' dir='ltr'>ma-</span> 
     </span>
     <span class='ocr_line' id='line_1_10' title="bbox 116 1285 1452 1377; baseline -0.003 -23"><span class='ocrx_word' id='word_1_86' title='bbox 116 1292 190 1377; x_wconf 84' lang='lat' dir='ltr'>gnis</span> <span class='ocrx_word' id='word_1_87' title='bbox 220 1288 381 1362; x_wconf 85' lang='lat' dir='ltr'>artificiis,</span> <span class='ocrx_word' id='word_1_88' title='bbox 420 1289 459 1349; x_wconf 88' lang='lat' dir='ltr'>ad</span> <span class='ocrx_word' id='word_1_89' title='bbox 484 1309 565 1371; x_wconf 84' lang='lat' dir='ltr'>quae</span> <span class='ocrx_word' id='word_1_90' title='bbox 587 1285 681 1369; x_wconf 86' lang='lat' dir='ltr'>pauci</span> <span class='ocrx_word' id='word_1_91' title='bbox 703 1290 873 1363; x_wconf 85' lang='lat' dir='ltr'>accedunt,</span> <span class='ocrx_word' id='word_1_92' title='bbox 911 1285 1015 1352; x_wconf 83' lang='lat' dir='ltr'>nostri</span> <span class='ocrx_word' id='word_1_93' title='bbox 1039 1287 1165 1369; x_wconf 85' lang='lat' dir='ltr'>quidem</span> <span class='ocrx_word' id='word_1_94' title='bbox 1187 1285 1314 1372; x_wconf 86' lang='lat' dir='ltr'>generis</span> <span class='ocrx_word' id='word_1_95' title='bbox 1336 1288 1452 1350; x_wconf 81' lang='lat' dir='ltr'>admo·</span> 
     </span>
     <span class='ocr_line' id='line_1_11' title="bbox 119 1380 1452 1466; baseline -0.002 -19"><span class='ocrx_word' id='word_1_96' title='bbox 119 1386 229 1459; x_wconf 64' lang='lat' dir='ltr'>dumss,</span> <span class='ocrx_word' id='word_1_97' title='bbox 261 1405 321 1446; x_wconf 83' lang='lat' dir='ltr'>nec</span> <span class='ocrx_word' id='word_1_98' title='bbox 345 1380 472 1458; x_wconf 86' lang='lat' dir='ltr'>videre,</span> <span class='ocrx_word' id='word_1_99' title='bbox 504 1403 563 1445; x_wconf 87' lang='lat' dir='ltr'>nec</span> <span class='ocrx_word' id='word_1_100' title='bbox 586 1380 696 1444; x_wconf 89' lang='lat' dir='ltr'>audire</span> <span class='ocrx_word' id='word_1_101' title='bbox 718 1381 915 1462; x_wconf 85' lang='lat' dir='ltr'>pessumus?</span> <span class='ocrx_word' id='word_1_102' title='bbox 948 1381 1016 1445; x_wconf 87' lang='lat' dir='ltr'>lam</span> <span class='ocrx_word' id='word_1_103' title='bbox 1039 1381 1091 1444; x_wconf 87' lang='lat' dir='ltr'>illa</span> <span class='ocrx_word' id='word_1_104' title='bbox 1112 1380 1297 1463; x_wconf 85' lang='lat' dir='ltr'>praeclara,</span> <span class='ocrx_word' id='word_1_105' title='bbox 1330 1393 1452 1466; x_wconf 86' lang='lat' dir='ltr'>quanto</span> 
     </span>
     <span class='ocr_line' id='line_1_12' title="bbox 116 1474 1451 1559; baseline -0.003 -19"><span class='ocrx_word' id='word_1_106' title='bbox 116 1475 256 1540; x_wconf 82' lang='lat' dir='ltr'>artificio</span> <span class='ocrx_word' id='word_1_107' title='bbox 285 1487 367 1539; x_wconf 87' lang='lat' dir='ltr'>essct</span> <span class='ocrx_word' id='word_1_108' title='bbox 395 1496 505 1538; x_wconf 88' lang='lat' dir='ltr'>seusus</span> <span class='ocrx_word' id='word_1_109' title='bbox 535 1485 664 1539; x_wconf 87' lang='lat' dir='ltr'>nostros</span> <span class='ocrx_word' id='word_1_110' title='bbox 693 1486 892 1559; x_wconf 73' lang='lat' dir='ltr'>mentemque</span> <span class='ocrx_word' id='word_1_111' title='bbox 921 1486 1072 1539; x_wconf 84' lang='lat' dir='ltr'>ettotam</span> <span class='ocrx_word' id='word_1_112' title='bbox 1096 1474 1366 1538; x_wconf 77' lang='lat' dir='ltr'>constructionem</span> <span class='ocrx_word' id='word_1_113' title='bbox 1389 1475 1451 1537; x_wconf 91' lang='lat' dir='ltr'>ho·</span> 
     </span>
     <span class='ocr_line' id='line_1_13' title="bbox 115 1565 1450 1651; baseline -0.004 -14"><span class='ocrx_word' id='word_1_114' title='bbox 115 1573 210 1637; x_wconf 88' lang='lat' dir='ltr'>minis</span> <span class='ocrx_word' id='word_1_115' title='bbox 231 1571 388 1635; x_wconf 81' lang='lat' dir='ltr'>fabricata</span> <span class='ocrx_word' id='word_1_116' title='bbox 409 1572 540 1635; x_wconf 85' lang='lat' dir='ltr'>natura!</span> <span class='ocrx_word' id='word_1_117' title='bbox 563 1605 605 1616; x_wconf 89' lang='lat'>—</span> <span class='ocrx_word' id='word_1_118' title='bbox 629 1568 684 1633; x_wconf 85' lang='lat'>87.</span> <span class='ocrx_word' id='word_1_119' title='bbox 709 1567 778 1633; x_wconf 88' lang='lat' dir='ltr'>Cur</span> <span class='ocrx_word' id='word_1_120' title='bbox 801 1589 866 1632; x_wconf 92' lang='lat' dir='ltr'>non</span> <span class='ocrx_word' id='word_1_121' title='bbox 889 1568 1092 1641; x_wconf 71' lang='lat' dir='ltr'>extimescam</span> <span class='ocrx_word' id='word_1_122' title='bbox 1116 1565 1267 1651; x_wconf 88' lang='lat' dir='ltr'>opinandi</span> <span class='ocrx_word' id='word_1_123' title='bbox 1287 1569 1450 1633; x_wconf 80' lang='lat' dir='ltr'>temerita-</span> 
     </span>
     <span class='ocr_line' id='line_1_14' title="bbox 115 1662 1450 1747; baseline -0.001 -18"><span class='ocrx_word' id='word_1_124' title='bbox 115 1666 207 1729; x_wconf 83' lang='lat' dir='ltr'>tem?</span> <span class='ocrx_word' id='word_1_125' title='bbox 250 1664 395 1733; x_wconf 79' lang='lat' dir='ltr'>Etiamne</span> <span class='ocrx_word' id='word_1_126' title='bbox 422 1664 488 1727; x_wconf 91' lang='lat' dir='ltr'>hec</span> <span class='ocrx_word' id='word_1_127' title='bbox 516 1664 672 1726; x_wconf 84' lang='lat' dir='ltr'>affirmare</span> <span class='ocrx_word' id='word_1_128' title='bbox 698 1674 810 1745; x_wconf 89' lang='lat' dir='ltr'>potes,</span> <span class='ocrx_word' id='word_1_129' title='bbox 845 1664 1018 1740; x_wconf 84' lang='lat' dir='ltr'>Luculle„</span> <span class='ocrx_word' id='word_1_130' title='bbox 1039 1685 1107 1743; x_wconf 81' lang='lat' dir='ltr'>esse</span> <span class='ocrx_word' id='word_1_131' title='bbox 1129 1662 1266 1747; x_wconf 85' lang='lat' dir='ltr'>aliquam</span> <span class='ocrx_word' id='word_1_132' title='bbox 1288 1662 1353 1729; x_wconf 88' lang='lat' dir='ltr'>vim</span> <span class='ocrx_word' id='word_1_133' title='bbox 1378 1685 1450 1727; x_wconf 86' lang='lat' dir='ltr'>curu</span> 
     </span>
     <span class='ocr_line' id='line_1_15' title="bbox 114 1756 1448 1844; baseline -0.002 -22"><span class='ocrx_word' id='word_1_134' title='bbox 114 1759 286 1844; x_wconf 85' lang='lat' dir='ltr'>prudentia</span> <span class='ocrx_word' id='word_1_135' title='bbox 309 1770 340 1822; x_wconf 91' lang='lat' dir='ltr'>et</span> <span class='ocrx_word' id='word_1_136' title='bbox 362 1757 495 1821; x_wconf 91' lang='lat' dir='ltr'>consilio</span> <span class='ocrx_word' id='word_1_137' title='bbox 518 1756 660 1832; x_wconf 88' lang='lat' dir='ltr'>scilicet,</span> <span class='ocrx_word' id='word_1_138' title='bbox 692 1777 773 1842; x_wconf 83' lang='lat' dir='ltr'>quae</span> <span class='ocrx_word' id='word_1_139' title='bbox 796 1757 942 1834; x_wconf 83' lang='lat' dir='ltr'>finxerit,</span> <span class='ocrx_word' id='word_1_140' title='bbox 975 1756 1045 1834; x_wconf 88' lang='lat' dir='ltr'>vel,</span> <span class='ocrx_word' id='word_1_141' title='bbox 1078 1757 1137 1820; x_wconf 70' lang='grc' dir='ltr'>ιιι9</span> <span class='ocrx_word' id='word_1_142' title='bbox 1158 1768 1216 1820; x_wconf 85' lang='lat' dir='ltr'>tuo</span> <span class='ocrx_word' id='word_1_143' title='bbox 1239 1758 1342 1819; x_wconf 81' lang='lat' dir='ltr'>verbo</span> <span class='ocrx_word' id='word_1_144' title='bbox 1363 1768 1448 1830; x_wconf 85' lang='lat' dir='ltr'>utar,</span> 
     </span>
     <span class='ocr_line' id='line_1_16' title="bbox 116 1848 1452 1937; baseline -0.003 -22"><span class='ocrx_word' id='word_1_145' title='bbox 116 1876 200 1937; x_wconf 91' lang='lat' dir='ltr'>quae</span> <span class='ocrx_word' id='word_1_146' title='bbox 222 1851 377 1917; x_wconf 78' lang='lat' dir='ltr'>fabricata</span> <span class='ocrx_word' id='word_1_147' title='bbox 401 1850 440 1913; x_wconf 86' lang='lat' dir='ltr'>sit</span> <span class='ocrx_word' id='word_1_148' title='bbox 462 1849 646 1914; x_wconf 84' lang='lat' dir='ltr'>hominem?</span> <span class='ocrx_word' id='word_1_149' title='bbox 690 1850 800 1931; x_wconf 83' lang='lat' dir='ltr'>Qualis</span> <span class='ocrx_word' id='word_1_150' title='bbox 822 1850 882 1914; x_wconf 80' lang='lat' dir='ltr'>ista</span> <span class='ocrx_word' id='word_1_151' title='bbox 904 1849 1029 1913; x_wconf 81' lang='lat' dir='ltr'>fabrica</span> <span class='ocrx_word' id='word_1_152' title='bbox 1059 1848 1131 1914; x_wconf 83' lang='lat' dir='ltr'>cst?</span> <span class='ocrx_word' id='word_1_153' title='bbox 1166 1849 1221 1913; x_wconf 87' lang='lat' dir='ltr'>ubi</span> <span class='ocrx_word' id='word_1_154' title='bbox 1251 1848 1452 1913; x_wconf 56' lang='lat' dir='ltr'>adhibitam?</span> 
     </span>
     <span class='ocr_line' id='line_1_17' title="bbox 115 1942 1451 2033; baseline -0.003 -22"><span class='ocrx_word' id='word_1_155' title='bbox 115 1947 272 2033; x_wconf 82' lang='lat' dir='ltr'>quando?</span> <span class='ocrx_word' id='word_1_156' title='bbox 295 1944 376 2010; x_wconf 86' lang='lat' dir='ltr'>eur?</span> <span class='ocrx_word' id='word_1_157' title='bbox 398 1946 463 2030; x_wconf 82' lang='lat' dir='ltr'>quo</span> <span class='ocrx_word' id='word_1_158' title='bbox 479 1943 602 2008; x_wconf 86' lang='lat' dir='ltr'>modo?</span> <span class='ocrx_word' id='word_1_159' title='bbox 631 1946 827 2010; x_wconf 79' lang='lat' dir='ltr'>Tractentur</span> <span class='ocrx_word' id='word_1_160' title='bbox 850 1946 907 2009; x_wconf 88' lang='lat' dir='ltr'>ista</span> <span class='ocrx_word' id='word_1_161' title='bbox 930 1943 1116 2030; x_wconf 85' lang='lat' dir='ltr'>ingeniose:</span> <span class='ocrx_word' id='word_1_162' title='bbox 1140 1944 1340 2027; x_wconf 84' lang='lat' dir='ltr'>disputantur</span> <span class='ocrx_word' id='word_1_163' title='bbox 1355 1942 1451 2007; x_wconf 88' lang='lat' dir='ltr'>etiam</span> 
     </span>
     <span class='ocr_line' id='line_1_18' title="bbox 115 2030 1451 2126; baseline -0.004 -21"><span class='ocrx_word' id='word_1_164' title='bbox 115 2045 296 2125; x_wconf 77' lang='lat' dir='ltr'>eleganter.</span> <span class='ocrx_word' id='word_1_165' title='bbox 330 2041 477 2126; x_wconf 89' lang='lat' dir='ltr'>Denique</span> <span class='ocrx_word' id='word_1_166' title='bbox 500 2039 668 2104; x_wconf 85' lang='lat' dir='ltr'>videantur</span> <span class='ocrx_word' id='word_1_167' title='bbox 689 2062 780 2116; x_wconf 87' lang='lat' dir='ltr'>saue,</span> <span class='ocrx_word' id='word_1_168' title='bbox 807 2063 847 2104; x_wconf 88' lang='lat' dir='ltr'>ne</span> <span class='ocrx_word' id='word_1_169' title='bbox 863 2030 1058 2104; x_wconf 88' lang='lat' dir='ltr'>affirmentur</span> <span class='ocrx_word' id='word_1_170' title='bbox 1080 2040 1191 2102; x_wconf 91' lang='lat' dir='ltr'>mode.</span> <span class='ocrx_word' id='word_1_171' title='bbox 1221 2036 1287 2102; x_wconf 85' lang='lat' dir='ltr'>Sed</span> <span class='ocrx_word' id='word_1_172' title='bbox 1309 2041 1347 2101; x_wconf 88' lang='lat' dir='ltr'>dc</span> <span class='ocrx_word' id='word_1_173' title='bbox 1368 2039 1451 2120; x_wconf 79' lang='lat' dir='ltr'>phy-</span> 
     </span>
     <span class='ocr_line' id='line_1_19' title="bbox 114 2131 1449 2220; baseline -0.003 -22"><span class='ocrx_word' id='word_1_174' title='bbox 114 2136 189 2204; x_wconf 85' lang='lat' dir='ltr'>sicis</span> <span class='ocrx_word' id='word_1_175' title='bbox 212 2157 308 2211; x_wconf 83' lang='lat' dir='ltr'>mex,</span> <span class='ocrx_word' id='word_1_176' title='bbox 345 2135 521 2219; x_wconf 86' lang='lat' dir='ltr'>etquidem</span> <span class='ocrx_word' id='word_1_177' title='bbox 546 2136 589 2198; x_wconf 93' lang='lat' dir='ltr'>ob</span> <span class='ocrx_word' id='word_1_178' title='bbox 612 2142 851 2211; x_wconf 79' lang='lat' dir='ltr'>eamcausam,</span> <span class='ocrx_word' id='word_1_179' title='bbox 886 2157 925 2197; x_wconf 88' lang='lat' dir='ltr'>ne</span> <span class='ocrx_word' id='word_1_180' title='bbox 947 2146 1001 2211; x_wconf 87' lang='lat' dir='ltr'>tu,</span> <span class='ocrx_word' id='word_1_181' title='bbox 1038 2133 1093 2220; x_wconf 92' lang='lat' dir='ltr'>qui</span> <span class='ocrx_word' id='word_1_182' title='bbox 1114 2135 1196 2205; x_wconf 84' lang='lat' dir='ltr'>idem</span> <span class='ocrx_word' id='word_1_183' title='bbox 1219 2154 1269 2196; x_wconf 90' lang='lat' dir='ltr'>me</span> <span class='ocrx_word' id='word_1_184' title='bbox 1289 2131 1449 2196; x_wconf 78' lang='lat' dir='ltr'>iacturum</span> 
     </span>
     <span class='ocr_line' id='line_1_20' title="bbox 114 2226 1452 2314; baseline -0.001 -22"><span class='ocrx_word' id='word_1_185' title='bbox 114 2229 226 2311; x_wconf 78' lang='lat' dir='ltr'>perillo</span> <span class='ocrx_word' id='word_1_186' title='bbox 250 2240 322 2293; x_wconf 89' lang='lat' dir='ltr'>ante</span> <span class='ocrx_word' id='word_1_187' title='bbox 345 2226 483 2306; x_wconf 74' lang='lat' dir='ltr'>dixeris,</span> <span class='ocrx_word' id='word_1_188' title='bbox 513 2228 641 2293; x_wconf 83' lang='lat' dir='ltr'>videare</span> <span class='ocrx_word' id='word_1_189' title='bbox 666 2227 827 2293; x_wconf 87' lang='lat' dir='ltr'>mentitus.</span> <span class='ocrx_word' id='word_1_190' title='bbox 873 2229 937 2293; x_wconf 89' lang='lat' dir='ltr'>Sed</span> <span class='ocrx_word' id='word_1_191' title='bbox 959 2241 994 2294; x_wconf 92' lang='lat' dir='ltr'>ut</span> <span class='ocrx_word' id='word_1_192' title='bbox 1006 2230 1033 2264; x_wconf 82' lang='lat'>&#39;¹</span> <span class='ocrx_word' id='word_1_193' title='bbox 1057 2233 1096 2294; x_wconf 89' lang='lat' dir='ltr'>ad</span> <span class='ocrx_word' id='word_1_194' title='bbox 1118 2251 1173 2306; x_wconf 88' lang='lat' dir='ltr'>ea,</span> <span class='ocrx_word' id='word_1_195' title='bbox 1204 2250 1287 2314; x_wconf 83' lang='lat' dir='ltr'>quae</span> <span class='ocrx_word' id='word_1_196' title='bbox 1311 2227 1452 2292; x_wconf 82' lang='lat' dir='ltr'>clariora</span> 
     </span>
     <span class='ocr_line' id='line_1_21' title="bbox 113 2321 1449 2407; baseline -0.004 -20"><span class='ocrx_word' id='word_1_197' title='bbox 113 2335 209 2399; x_wconf 87' lang='lat' dir='ltr'>sunt,</span> <span class='ocrx_word' id='word_1_198' title='bbox 239 2323 384 2387; x_wconf 83' lang='lat' dir='ltr'>veniam:</span> <span class='ocrx_word' id='word_1_199' title='bbox 415 2346 466 2387; x_wconf 92' lang='lat' dir='ltr'>res</span> <span class='ocrx_word' id='word_1_200' title='bbox 488 2324 549 2387; x_wconf 92' lang='lat' dir='ltr'>iam</span> <span class='ocrx_word' id='word_1_201' title='bbox 572 2324 738 2389; x_wconf 85' lang='lat' dir='ltr'>universas</span> <span class='ocrx_word' id='word_1_202' title='bbox 760 2323 974 2407; x_wconf 85' lang='lat' dir='ltr'>profundam,</span> <span class='ocrx_word' id='word_1_203' title='bbox 1007 2325 1045 2387; x_wconf 91' lang='lat' dir='ltr'>de</span> <span class='ocrx_word' id='word_1_204' title='bbox 1069 2322 1183 2407; x_wconf 87' lang='lat' dir='ltr'>quibus</span> <span class='ocrx_word' id='word_1_205' title='bbox 1206 2323 1367 2387; x_wconf 87' lang='lat' dir='ltr'>volumina</span> <span class='ocrx_word' id='word_1_206' title='bbox 1389 2321 1449 2385; x_wconf 91' lang='lat' dir='ltr'>im-</span> 
     </span>
     <span class='ocr_line' id='line_1_22' title="bbox 114 2415 1460 2503; baseline -0.001 -23"><span class='ocrx_word' id='word_1_207' title='bbox 114 2419 203 2501; x_wconf 83' lang='lat' dir='ltr'>plcta</span> <span class='ocrx_word' id='word_1_208' title='bbox 227 2432 300 2483; x_wconf 90' lang='lat' dir='ltr'>sunt</span> <span class='ocrx_word' id='word_1_209' title='bbox 321 2436 385 2482; x_wconf 88' lang='lat' dir='ltr'>neu</span> <span class='ocrx_word' id='word_1_210' title='bbox 409 2440 425 2481; x_wconf 88' lang='lat' dir='ltr'>a</span> <span class='ocrx_word' id='word_1_211' title='bbox 448 2417 566 2481; x_wconf 90' lang='lat' dir='ltr'>nostris</span> <span class='ocrx_word' id='word_1_212' title='bbox 589 2419 713 2494; x_wconf 89' lang='lat' dir='ltr'>solnm,</span> <span class='ocrx_word' id='word_1_213' title='bbox 737 2421 794 2482; x_wconf 86' lang='lat' dir='ltr'>sed</span> <span class='ocrx_word' id='word_1_214' title='bbox 817 2416 908 2480; x_wconf 84' lang='lat' dir='ltr'>eiiam</span> <span class='ocrx_word' id='word_1_215' title='bbox 928 2439 944 2478; x_wconf 86' lang='lat' dir='ltr'>a</span> <span class='ocrx_word' id='word_1_216' title='bbox 962 2416 1149 2501; x_wconf 82' lang='lat' dir='ltr'>Chrysippo</span> <span class='ocrx_word' id='word_1_217' title='bbox 1165 2419 1261 2485; x_wconf 75' lang='lat' dir='ltr'>-‚de</span> <span class='ocrx_word' id='word_1_218' title='bbox 1277 2437 1342 2503; x_wconf 88' lang='lat' dir='ltr'>quo</span> <span class='ocrx_word' id='word_1_219' title='bbox 1358 2415 1460 2500; x_wconf 88' lang='lat' dir='ltr'>queri·</span> 
     </span>
     <span class='ocr_line' id='line_1_23' title="bbox 114 2508 1449 2597; baseline -0.003 -21"><span class='ocrx_word' id='word_1_220' title='bbox 114 2514 222 2577; x_wconf 86' lang='lat' dir='ltr'>solent</span> <span class='ocrx_word' id='word_1_221' title='bbox 237 2512 355 2588; x_wconf 87' lang='lat' dir='ltr'>Stoici,</span> <span class='ocrx_word' id='word_1_222' title='bbox 380 2513 452 2576; x_wconf 90' lang='lat' dir='ltr'>dum</span> <span class='ocrx_word' id='word_1_223' title='bbox 476 2511 619 2576; x_wconf 86' lang='lat' dir='ltr'>studiose</span> <span class='ocrx_word' id='word_1_224' title='bbox 642 2511 747 2575; x_wconf 83' lang='lat' dir='ltr'>omnia</span> <span class='ocrx_word' id='word_1_225' title='bbox 769 2510 977 2597; x_wconf 83' lang='lat' dir='ltr'>conquisierit</span> <span class='ocrx_word' id='word_1_226' title='bbox 997 2523 1110 2577; x_wconf 86' lang='lat' dir='ltr'>centra</span> <span class='ocrx_word' id='word_1_227' title='bbox 1134 2533 1245 2577; x_wconf 85' lang='lat' dir='ltr'>seusus</span> <span class='ocrx_word' id='word_1_228' title='bbox 1268 2523 1299 2575; x_wconf 88' lang='lat' dir='ltr'>ct</span> <span class='ocrx_word' id='word_1_229' title='bbox 1321 2508 1449 2593; x_wconf 88' lang='lat' dir='ltr'>perspi·</span> 
     </span>
    </p>
   </div>
   <div class='ocr_carea' id='block_1_5' title="bbox 6 2604 1450 2692">
    <p class='ocr_par' dir='ltr' id='par_1_6' title="bbox 6 2604 1450 2692">
     <span class='ocr_line' id='line_1_24' title="bbox 6 2604 1450 2692; baseline -0.003 -22"><span class='ocrx_word' id='word_1_230' title='bbox 6 2640 7 2655; x_wconf 66' lang='lat'>2</span> <span class='ocrx_word' id='word_1_231' title='bbox 116 2607 285 2682; x_wconf 86' lang='lat' dir='ltr'>euitatem,</span> <span class='ocrx_word' id='word_1_232' title='bbox 311 2618 487 2691; x_wconf 87' lang='lat' dir='ltr'>contraque</span> <span class='ocrx_word' id='word_1_233' title='bbox 510 2628 633 2670; x_wconf 87' lang='lat' dir='ltr'>omnem</span> <span class='ocrx_word' id='word_1_234' title='bbox 653 2606 929 2682; x_wconf 68' lang='lat' dir='ltr'>cousuetudinem,</span> <span class='ocrx_word' id='word_1_235' title='bbox 956 2618 1132 2692; x_wconf 83' lang='lat' dir='ltr'>contraque</span> <span class='ocrx_word' id='word_1_236' title='bbox 1147 2606 1323 2683; x_wconf 84' lang='lat' dir='ltr'>rationem,</span> <span class='ocrx_word' id='word_1_237' title='bbox 1348 2604 1450 2688; x_wconf 84' lang='lat' dir='ltr'>ipsum</span> 
     </span>
    </p>
   </div>
   <div class='ocr_carea' id='block_1_6' title="bbox 116 2698 1449 2785">
    <p class='ocr_par' dir='ltr' id='par_1_7' title="bbox 116 2698 1449 2785">
     <span class='ocr_line' id='line_1_25' title="bbox 116 2698 1449 2785; baseline -0.002 -21"><span class='ocrx_word' id='word_1_238' title='bbox 116 2702 176 2765; x_wconf 90' lang='lat' dir='ltr'>sibi</span> <span class='ocrx_word' id='word_1_239' title='bbox 192 2703 455 2784; x_wconf 80' lang='lat' dir='ltr'>respondentem,</span> <span class='ocrx_word' id='word_1_240' title='bbox 479 2701 664 2766; x_wconf 81' lang='lat' dir='ltr'>inferiorem</span> <span class='ocrx_word' id='word_1_241' title='bbox 674 2701 701 2740; x_wconf 81' lang='lat'>¹²</span> <span class='ocrx_word' id='word_1_242' title='bbox 715 2699 833 2764; x_wconf 83' lang='lat' dir='ltr'>fuisse:</span> <span class='ocrx_word' id='word_1_243' title='bbox 857 2698 964 2785; x_wconf 85' lang='lat' dir='ltr'>itaque</span> <span class='ocrx_word' id='word_1_244' title='bbox 982 2701 1023 2765; x_wconf 83' lang='lat' dir='ltr'>ab</span> <span class='ocrx_word' id='word_1_245' title='bbox 1044 2720 1084 2763; x_wconf 93' lang='lat' dir='ltr'>eo</span> <span class='ocrx_word' id='word_1_246' title='bbox 1096 2708 1254 2762; x_wconf 73' lang='lat' dir='ltr'>‘armatum</span> <span class='ocrx_word' id='word_1_247' title='bbox 1278 2721 1347 2766; x_wconf 83' lang='lat' dir='ltr'>esse</span> <span class='ocrx_word' id='word_1_248' title='bbox 1365 2699 1449 2765; x_wconf 85' lang='lat' dir='ltr'>Car-</span> 
     </span>
    </p>
   </div>
   <div class='ocr_carea' id='block_1_7' title="bbox 5 2793 1556 2967">
    <p class='ocr_par' dir='ltr' id='par_1_8' title="bbox 5 2793 1556 2967">
     <span class='ocr_line' id='line_1_26' title="bbox 5 2793 1449 2878; baseline -0.003 -18"><span class='ocrx_word' id='word_1_249' title='bbox 5 2870 6 2873; x_wconf 11' lang='lat'>,</span> <span class='ocrx_word' id='word_1_250' title='bbox 115 2798 261 2860; x_wconf 89' lang='lat' dir='ltr'>neadem.</span> <span class='ocrx_word' id='word_1_251' title='bbox 284 2825 326 2838; x_wconf 87' lang='lat'><em>-</em></span> <span class='ocrx_word' id='word_1_252' title='bbox 358 2797 413 2860; x_wconf 82' lang='lat'>88.</span> <span class='ocrx_word' id='word_1_253' title='bbox 442 2797 493 2860; x_wconf 86' lang='lat' dir='ltr'>En</span> <span class='ocrx_word' id='word_1_254' title='bbox 515 2807 587 2858; x_wconf 85' lang='lat' dir='ltr'>sunt</span> <span class='ocrx_word' id='word_1_255' title='bbox 610 2795 812 2871; x_wconf 80' lang='lat' dir='ltr'>eiusmodi¹³,</span> <span class='ocrx_word' id='word_1_256' title='bbox 847 2815 929 2878; x_wconf 88' lang='lat' dir='ltr'>quae</span> <span class='ocrx_word' id='word_1_257' title='bbox 956 2805 1026 2858; x_wconf 81' lang='lat' dir='ltr'>ate</span> <span class='ocrx_word' id='word_1_258' title='bbox 1049 2793 1290 2878; x_wconf 79' lang='lat' dir='ltr'>diligentissime</span> <span class='ocrx_word' id='word_1_259' title='bbox 1314 2796 1449 2857; x_wconf 72' lang='lat' dir='ltr'>tractati</span> 
     </span>
     <span class='ocr_line' id='line_1_27' title="bbox 116 2880 1556 2967; baseline -0.003 -13"><span class='ocrx_word' id='word_1_260' title='bbox 116 2901 202 2954; x_wconf 90' lang='lat' dir='ltr'>suut.</span> <span class='ocrx_word' id='word_1_261' title='bbox 234 2889 467 2954; x_wconf 87' lang='lat' dir='ltr'>Dormientium</span> <span class='ocrx_word' id='word_1_262' title='bbox 483 2901 516 2952; x_wconf 88' lang='lat' dir='ltr'>et</span> <span class='ocrx_word' id='word_1_263' title='bbox 530 2880 765 2954; x_wconf 88' lang='lat' dir='ltr'>vinolentorum</span> <span class='ocrx_word' id='word_1_264' title='bbox 783 2901 816 2953; x_wconf 90' lang='lat' dir='ltr'>et</span> <span class='ocrx_word' id='word_1_265' title='bbox 833 2889 1031 2967; x_wconf 77' lang='lat' dir='ltr'>furiosorum</span> <span class='ocrx_word' id='word_1_266' title='bbox 1054 2889 1121 2953; x_wconf 86' lang='lat' dir='ltr'>visa</span> <span class='ocrx_word' id='word_1_267' title='bbox 1144 2888 1355 2955; x_wconf 82' lang='lat' dir='ltr'>imbecilliora</span> <span class='ocrx_word' id='word_1_268' title='bbox 1378 2909 1448 2952; x_wconf 86' lang='lat' dir='ltr'>csse</span> <span class='ocrx_word' id='word_1_269' title='bbox 1532 2918 1556 2959; x_wconf 85' lang='lat'>.·.</span> 
     </span>
    </p>
   </div>
   <div class='ocr_carea' id='block_1_8' title="bbox 5 2982 1452 3453">
    <p class='ocr_par' dir='ltr' id='par_1_9' title="bbox 5 2982 1452 3254">
     <span class='ocr_line' id='line_1_28' title="bbox 5 2982 1452 3079; baseline -0.001 -32"><span class='ocrx_word' id='word_1_270' title='bbox 5 3066 6 3079; x_wconf 11' lang='grc' dir='ltr'>χ</span> <span class='ocrx_word' id='word_1_271' title='bbox 114 2984 265 3059; x_wconf 86' lang='lat' dir='ltr'>dicebas,</span> <span class='ocrx_word' id='word_1_272' title='bbox 300 3006 392 3070; x_wconf 87' lang='lat' dir='ltr'>quam</span> <span class='ocrx_word' id='word_1_273' title='bbox 415 2982 633 3069; x_wconf 82' lang='lat' dir='ltr'>vigilantium,</span> <span class='ocrx_word' id='word_1_274' title='bbox 670 2983 847 3057; x_wconf 85' lang='lat' dir='ltr'>siccorum,</span> <span class='ocrx_word' id='word_1_275' title='bbox 883 2986 1047 3049; x_wconf 86' lang='lat' dir='ltr'>sanorum.</span> <span class='ocrx_word' id='word_1_276' title='bbox 1093 2983 1168 3064; x_wconf 82' lang='lat' dir='ltr'>Quo</span> <span class='ocrx_word' id='word_1_277' title='bbox 1194 2982 1319 3051; x_wconf 76' lang='lat' dir='ltr'>medo?</span> <span class='ocrx_word' id='word_1_278' title='bbox 1353 2982 1452 3069; x_wconf 63' lang='lat' dir='ltr'>quiae</span> 
     </span>
     <span class='ocr_line' id='line_1_29' title="bbox 5 3076 1447 3166; baseline -0.001 -26"><span class='ocrx_word' id='word_1_279' title='bbox 5 3090 38 3133; x_wconf 51' lang='grc' dir='ltr'><strong>Α</strong></span> <span class='ocrx_word' id='word_1_280' title='bbox 117 3100 214 3166; x_wconf 82' lang='lat' dir='ltr'>qrmm</span> <span class='ocrx_word' id='word_1_281' title='bbox 237 3089 446 3163; x_wconf 82' lang='lat' dir='ltr'>experrectus</span> <span class='ocrx_word' id='word_1_282' title='bbox 470 3090 572 3154; x_wconf 87' lang='lat' dir='ltr'>esset,</span> <span class='ocrx_word' id='word_1_283' title='bbox 608 3078 749 3155; x_wconf 87' lang='lat' dir='ltr'>Ennius,</span> <span class='ocrx_word' id='word_1_284' title='bbox 785 3076 898 3161; x_wconf 66' lang='lat' dir='ltr'>nou¹l,</span> <span class='ocrx_word' id='word_1_285' title='bbox 929 3101 966 3145; x_wconf 83' lang='lat' dir='ltr'>se</span> <span class='ocrx_word' id='word_1_286' title='bbox 988 3077 1114 3147; x_wconf 80' lang='lat' dir='ltr'>vidisse</span> <span class='ocrx_word' id='word_1_287' title='bbox 1135 3081 1350 3158; x_wconf 78' lang='lat' dir='ltr'>Homerum,</span> <span class='ocrx_word' id='word_1_288' title='bbox 1379 3079 1447 3153; x_wconf 90' lang='lat' dir='ltr'>sed,</span> 
     </span>
     <span class='ocr_line' id='line_1_30' title="bbox 113 3170 1317 3254; baseline 0 -16"><span class='ocrx_word' id='word_1_289' title='bbox 113 3174 228 3238; x_wconf 77' lang='lat' dir='ltr'>vistim</span> <span class='ocrx_word' id='word_1_290' title='bbox 250 3195 342 3239; x_wconf 83' lang='lat' dir='ltr'>esse:</span> <span class='ocrx_word' id='word_1_291' title='bbox 364 3170 519 3239; x_wconf 85' lang='lat' dir='ltr'>Alcmaeo</span> <span class='ocrx_word' id='word_1_292' title='bbox 542 3184 666 3254; x_wconf 74' lang='lat' dir='ltr'>alitem,</span> <span class='ocrx_word' id='word_1_293' title='bbox 1314 3194 1317 3198; x_wconf 85' lang='grc'><em>·</em></span> 
     </span>
    </p>

    <p class='ocr_par' dir='ltr' id='par_1_10' title="bbox 115 3269 1448 3453">
     <span class='ocr_line' id='line_1_31' title="bbox 178 3269 1283 3355; baseline -0.001 -19"><span class='ocrx_word' id='word_1_294' title='bbox 178 3292 185 3316; x_wconf 72' lang='lat'><em>³</em></span> <span class='ocrx_word' id='word_1_295' title='bbox 201 3269 271 3336; x_wconf 80' lang='lat' dir='ltr'>Sed</span> <span class='ocrx_word' id='word_1_296' title='bbox 291 3269 376 3335; x_wconf 83' lang='lat' dir='ltr'>mihi</span> <span class='ocrx_word' id='word_1_297' title='bbox 397 3269 597 3354; x_wconf 77' lang='lat' dir='ltr'>neutiquam</span> <span class='ocrx_word' id='word_1_298' title='bbox 617 3291 679 3335; x_wconf 91' lang='lat' dir='ltr'>cor</span> <span class='ocrx_word' id='word_1_299' title='bbox 700 3271 870 3336; x_wconf 80' lang='lat' dir='ltr'>consentit</span> <span class='ocrx_word' id='word_1_300' title='bbox 890 3302 933 3316; x_wconf 89' lang='lat'>·-</span> <span class='ocrx_word' id='word_1_301' title='bbox 1112 3346 1116 3355; x_wconf 75' lang='lat'>,</span> <span class='ocrx_word' id='word_1_302' title='bbox 1281 3320 1283 3327; x_wconf 83' lang='grc'><strong>.</strong></span> 
     </span>
     <span class='ocr_line' id='line_1_32' title="bbox 115 3361 1448 3453; baseline -0.004 -25"><span class='ocrx_word' id='word_1_303' title='bbox 115 3364 239 3428; x_wconf 87' lang='lat' dir='ltr'>Similia</span> <span class='ocrx_word' id='word_1_304' title='bbox 261 3366 299 3428; x_wconf 89' lang='lat' dir='ltr'>de</span> <span class='ocrx_word' id='word_1_305' title='bbox 324 3364 505 3429; x_wconf 86' lang='lat' dir='ltr'>vinolentis.</span> <span class='ocrx_word' id='word_1_306' title='bbox 551 3364 651 3448; x_wconf 88' lang='lat' dir='ltr'>Quasi</span> <span class='ocrx_word' id='word_1_307' title='bbox 673 3364 839 3451; x_wconf 88' lang='lat' dir='ltr'>quisquam</span> <span class='ocrx_word' id='word_1_308' title='bbox 861 3372 976 3451; x_wconf 82' lang='lat' dir='ltr'>neget,</span> <span class='ocrx_word' id='word_1_309' title='bbox 1005 3377 1056 3443; x_wconf 86' lang='lat' dir='ltr'>et,</span> <span class='ocrx_word' id='word_1_310' title='bbox 1082 3365 1136 3453; x_wconf 87' lang='lat' dir='ltr'>qui</span> <span class='ocrx_word' id='word_1_311' title='bbox 1159 3376 1368 3450; x_wconf 84' lang='lat' dir='ltr'>experrectus</span> <span class='ocrx_word' id='word_1_312' title='bbox 1395 3361 1448 3438; x_wconf 86' lang='lat' dir='ltr'>sit,</span> 
     </span>
    </p>
   </div>
   <div class='ocr_carea' id='block_1_9' title="bbox 116 3522 921 3555">
    <p class='ocr_par' dir='ltr' id='par_1_11' title="bbox 116 3522 921 3555">
     <span class='ocr_line' id='line_1_33' title="bbox 116 3522 921 3555; baseline 0.001 -13"><span class='ocrx_word' id='word_1_313' title='bbox 116 3522 921 3555; x_wconf 52' lang='grc' dir='ltr'>’Ὑί-’.Μ</span> 
     </span>
    </p>
   </div>
   <div class='ocr_carea' id='block_1_10' title="bbox 5 3610 1454 3689">
    <p class='ocr_par' dir='ltr' id='par_1_12' title="bbox 5 3610 1454 3689">
     <span class='ocr_line' id='line_1_34' title="bbox 5 3610 1454 3689; baseline -0.001 -18"><span class='ocrx_word' id='word_1_314' title='bbox 5 3640 6 3643; x_wconf 53' lang='grc'><strong>“</strong></span> <span class='ocrx_word' id='word_1_315' title='bbox 115 3623 145 3671; x_wconf 86' lang='lat' dir='ltr'>in</span> <span class='ocrx_word' id='word_1_316' title='bbox 168 3620 274 3679; x_wconf 74' lang='lat' dir='ltr'>statuis</span> <span class='ocrx_word' id='word_1_317' title='bbox 300 3618 410 3680; x_wconf 81' lang='lat' dir='ltr'>scocie,</span> <span class='ocrx_word' id='word_1_318' title='bbox 440 3610 505 3668; x_wconf 88' lang='lat' dir='ltr'>dum</span> <span class='ocrx_word' id='word_1_319' title='bbox 530 3614 634 3669; x_wconf 73' lang='lat' dir='ltr'>flentur</span> <span class='ocrx_word' id='word_1_320' title='bbox 657 3630 685 3669; x_wconf 85' lang='lat' dir='ltr'>et</span> <span class='ocrx_word' id='word_1_321' title='bbox 708 3614 900 3689; x_wconf 81' lang='lat' dir='ltr'>expoliuntur,</span> <span class='ocrx_word' id='word_1_322' title='bbox 928 3615 1000 3670; x_wconf 81' lang='lat' dir='ltr'>ullas</span> <span class='ocrx_word' id='word_1_323' title='bbox 1021 3616 1090 3670; x_wconf 79' lang='lat' dir='ltr'>eliac</span> <span class='ocrx_word' id='word_1_324' title='bbox 1110 3633 1171 3669; x_wconf 78' lang='lat' dir='ltr'>esse</span> <span class='ocrx_word' id='word_1_325' title='bbox 1191 3631 1293 3688; x_wconf 81' lang='lat' dir='ltr'>partes.</span> <span class='ocrx_word' id='word_1_326' title='bbox 1331 3617 1390 3670; x_wconf 66' lang='lat' dir='ltr'>lem</span> <span class='ocrx_word' id='word_1_327' title='bbox 1410 3619 1454 3668; x_wconf 86' lang='lat' dir='ltr'>in-</span> 
     </span>
    </p>
   </div>
   <div class='ocr_carea' id='block_1_11' title="bbox 106 3689 1454 4594">
    <p class='ocr_par' dir='ltr' id='par_1_13' title="bbox 106 3689 1454 4594">
     <span class='ocr_line' id='line_1_35' title="bbox 114 3689 1453 3768; baseline -0.004 -20"><span class='ocrx_word' id='word_1_328' title='bbox 114 3699 194 3768; x_wconf 80' lang='lat' dir='ltr'>spice</span> <span class='ocrx_word' id='word_1_329' title='bbox 215 3695 374 3746; x_wconf 80' lang='lat' dir='ltr'>testimonis</span> <span class='ocrx_word' id='word_1_330' title='bbox 395 3689 429 3742; x_wconf 85' lang='lat' dir='ltr'>ab</span> <span class='ocrx_word' id='word_1_331' title='bbox 450 3708 483 3743; x_wconf 87' lang='lat' dir='ltr'>ee</span> <span class='ocrx_word' id='word_1_332' title='bbox 503 3689 597 3747; x_wconf 81' lang='lat' dir='ltr'>allata.</span> <span class='ocrx_word' id='word_1_333' title='bbox 636 3692 668 3745; x_wconf 84' lang='lat' dir='ltr'>ln</span> <span class='ocrx_word' id='word_1_334' title='bbox 708 3694 779 3744; x_wconf 89' lang='lat' dir='ltr'>rimo</span> <span class='ocrx_word' id='word_1_335' title='bbox 797 3690 941 3747; x_wconf 75' lang='lat' dir='ltr'>Plutarchi</span> <span class='ocrx_word' id='word_1_336' title='bbox 962 3691 996 3745; x_wconf 80' lang='lat' dir='ltr'>de</span> <span class='ocrx_word' id='word_1_337' title='bbox 1015 3690 1130 3764; x_wconf 81' lang='lat' dir='ltr'>defectu</span> <span class='ocrx_word' id='word_1_338' title='bbox 1149 3710 1227 3744; x_wconf 83' lang='lat' dir='ltr'>orac.</span> <span class='ocrx_word' id='word_1_339' title='bbox 1249 3691 1280 3745; x_wconf 86' lang='lat' dir='ltr'>C.</span> <span class='ocrx_word' id='word_1_340' title='bbox 1294 3693 1340 3750; x_wconf 68' lang='lat'>47.</span> <span class='ocrx_word' id='word_1_341' title='bbox 1361 3708 1453 3745; x_wconf 82' lang='lat' dir='ltr'>sermo</span> 
     </span>
     <span class='ocr_line' id='line_1_36' title="bbox 115 3710 1453 3847; baseline -0.002 -24"><span class='ocrx_word' id='word_1_342' title='bbox 115 3786 157 3823; x_wconf 79' lang='lat' dir='ltr'>err</span> <span class='ocrx_word' id='word_1_343' title='bbox 178 3767 212 3825; x_wconf 79' lang='lat' dir='ltr'>de</span> <span class='ocrx_word' id='word_1_344' title='bbox 233 3763 479 3847; x_wconf 75' lang='lat' dir='ltr'>uueupmpptdlqr</span> <span class='ocrx_word' id='word_1_345' title='bbox 498 3766 652 3840; x_wconf 86' lang='lat' dir='ltr'>Delphico,</span> <span class='ocrx_word' id='word_1_346' title='bbox 682 3710 790 3832; x_wconf 59' lang='lat' dir='ltr'>beree,</span> <span class='ocrx_word' id='word_1_347' title='bbox 816 3785 873 3821; x_wconf 86' lang='lat' dir='ltr'>non</span> <span class='ocrx_word' id='word_1_348' title='bbox 894 3785 991 3829; x_wconf 75' lang='lat' dir='ltr'>neree:</span> <span class='ocrx_word' id='word_1_349' title='bbox 1006 3773 1050 3821; x_wconf 82' lang='lat' dir='ltr'>in</span> <span class='ocrx_word' id='word_1_350' title='bbox 1070 3767 1157 3822; x_wconf 80' lang='lat' dir='ltr'>altero</span> <span class='ocrx_word' id='word_1_351' title='bbox 1178 3767 1359 3840; x_wconf 79' lang='lat' dir='ltr'>Antiphontis</span> <span class='ocrx_word' id='word_1_352' title='bbox 1380 3765 1453 3840; x_wconf 82' lang='lat' dir='ltr'>apud</span> 
     </span>
     <span class='ocr_line' id='line_1_37' title="bbox 109 3839 1454 3920; baseline -0.001 -22"><span class='ocrx_word' id='word_1_353' title='bbox 109 3845 259 3899; x_wconf 9' lang='lat' dir='ltr'>,Pollucem</span> <span class='ocrx_word' id='word_1_354' title='bbox 280 3851 318 3903; x_wconf 86' lang='lat'>7.·</span> <span class='ocrx_word' id='word_1_355' title='bbox 333 3844 357 3910; x_wconf 67' lang='lat' dir='ltr'>b.</span> <span class='ocrx_word' id='word_1_356' title='bbox 379 3845 443 3901; x_wconf 80' lang='lat'><strong>169.</strong></span> <span class='ocrx_word' id='word_1_357' title='bbox 472 3839 574 3920; x_wconf 74' lang='grc' dir='ltr'>βάψις</span> <span class='ocrx_word' id='word_1_358' title='bbox 594 3843 717 3917; x_wconf 79' lang='grc' dir='ltr'><em>χαλκοῦ</em></span> <span class='ocrx_word' id='word_1_359' title='bbox 741 3839 798 3903; x_wconf 78' lang='grc' dir='ltr'>καὶ</span> <span class='ocrx_word' id='word_1_360' title='bbox 823 3840 951 3917; x_wconf 70' lang='grc' dir='ltr'>σιδήρου</span> <span class='ocrx_word' id='word_1_361' title='bbox 980 3841 1014 3896; x_wconf 85' lang='lat' dir='ltr'>dc</span> <span class='ocrx_word' id='word_1_362' title='bbox 1040 3848 1125 3897; x_wconf 77' lang='lat' dir='ltr'>armis</span> <span class='ocrx_word' id='word_1_363' title='bbox 1151 3848 1403 3915; x_wconf 81' lang='lat' dir='ltr'>instrumentisque</span> <span class='ocrx_word' id='word_1_364' title='bbox 1420 3862 1454 3896; x_wconf 80' lang='lat' dir='ltr'>ex</span> 
     </span>
     <span class='ocr_line' id='line_1_38' title="bbox 115 3915 1453 3993; baseline -0.003 -21"><span class='ocrx_word' id='word_1_365' title='bbox 115 3938 178 3974; x_wconf 74' lang='lat' dir='ltr'>aare</span> <span class='ocrx_word' id='word_1_366' title='bbox 200 3923 297 3992; x_wconf 78' lang='lat' dir='ltr'>cyprio·</span> <span class='ocrx_word' id='word_1_367' title='bbox 320 3917 473 3983; x_wconf 81' lang='lat' dir='ltr'>conlectis,</span> <span class='ocrx_word' id='word_1_368' title='bbox 501 3933 558 3971; x_wconf 85' lang='lat' dir='ltr'>nen</span> <span class='ocrx_word' id='word_1_369' title='bbox 578 3915 613 3970; x_wconf 85' lang='lat' dir='ltr'>de</span> <span class='ocrx_word' id='word_1_370' title='bbox 633 3922 732 3972; x_wconf 80' lang='lat' dir='ltr'>sternis</span> <span class='ocrx_word' id='word_1_371' title='bbox 753 3922 840 3971; x_wconf 80' lang='lat' dir='ltr'>aereis</span> <span class='ocrx_word' id='word_1_372' title='bbox 860 3916 909 3992; x_wconf 83' lang='lat' dir='ltr'>(dt</span> <span class='ocrx_word' id='word_1_373' title='bbox 927 3915 1069 3993; x_wconf 75' lang='lat' dir='ltr'>bronze);</span> <span class='ocrx_word' id='word_1_374' title='bbox 1099 3925 1128 3972; x_wconf 88' lang='lat' dir='ltr'>in</span> <span class='ocrx_word' id='word_1_375' title='bbox 1149 3923 1233 3973; x_wconf 78' lang='lat' dir='ltr'>tertio</span> <span class='ocrx_word' id='word_1_376' title='bbox 1253 3918 1398 3973; x_wconf 77' lang='lat' dir='ltr'>Plutarchi</span> <span class='ocrx_word' id='word_1_377' title='bbox 1419 3918 1453 3969; x_wconf 77' lang='lat' dir='ltr'>de</span> 
     </span>
     <span class='ocr_line' id='line_1_39' title="bbox 114 3989 1454 4071; baseline 0 -20"><span class='ocrx_word' id='word_1_378' title='bbox 114 3994 239 4070; x_wconf 72' lang='lat' dir='ltr'>Pythiae</span> <span class='ocrx_word' id='word_1_379' title='bbox 259 3995 381 4047; x_wconf 81' lang='lat' dir='ltr'>oraculis</span> <span class='ocrx_word' id='word_1_380' title='bbox 402 3993 432 4047; x_wconf 78' lang='lat' dir='ltr'>C·</span> <span class='ocrx_word' id='word_1_381' title='bbox 452 3995 481 4051; x_wconf 81' lang='lat' dir='ltr'>ll.</span> <span class='ocrx_word' id='word_1_382' title='bbox 498 3989 533 4047; x_wconf 78' lang='lat' dir='ltr'>de</span> <span class='ocrx_word' id='word_1_383' title='bbox 553 3991 631 4063; x_wconf 76' lang='grc' dir='ltr'>πίνῳ</span> <span class='ocrx_word' id='word_1_384' title='bbox 657 4010 681 4048; x_wconf 79' lang='lat'>⁸·</span> <span class='ocrx_word' id='word_1_385' title='bbox 700 3993 738 4064; x_wconf 80' lang='grc' dir='ltr'>ἰῷ</span> <span class='ocrx_word' id='word_1_386' title='bbox 765 3992 996 4071; x_wconf 80' lang='grc' dir='ltr'>παλαιουμένου</span> <span class='ocrx_word' id='word_1_387' title='bbox 1021 3993 1214 4070; x_wconf 66' lang='grc' dir='ltr'><strong><em>τοῦχαλκοῦ</em></strong></span> <span class='ocrx_word' id='word_1_388' title='bbox 1240 3993 1275 4045; x_wconf 74' lang='lat' dir='ltr'>ab</span> <span class='ocrx_word' id='word_1_389' title='bbox 1296 3998 1360 4048; x_wconf 78' lang='lat' dir='ltr'>a&#39;e&#39;re</span> <span class='ocrx_word' id='word_1_390' title='bbox 1383 3992 1454 4047; x_wconf 69' lang='lat' dir='ltr'>itaut-¹</span> 
     </span>
     <span class='ocr_line' id='line_1_40' title="bbox 114 4066 1454 4219; baseline -0.004 -16"><span class='ocrx_word' id='word_1_391' title='bbox 114 4066 773 4203; x_wconf 58' lang='grc' dir='ltr'>ιιιιιιιι</span> <span class='ocrx_word' id='word_1_392' title='bbox 790 4066 917 4201; x_wconf 50' lang='grc' dir='ltr'>ιιι</span> <span class='ocrx_word' id='word_1_393' title='bbox 937 4074 1031 4201; x_wconf 69' lang='grc' dir='ltr'>ἰι</span> <span class='ocrx_word' id='word_1_394' title='bbox 1060 4068 1208 4219; x_wconf 67' lang='grc' dir='ltr'>ιιι</span> <span class='ocrx_word' id='word_1_395' title='bbox 1227 4067 1454 4200; x_wconf 63' lang='grc' dir='ltr'>,ιιι</span> 
     </span>
     <span class='ocr_line' id='line_1_41' title="bbox 257 4163 1392 4207; baseline 0.004 -9"><span class='ocrx_word' id='word_1_396' title='bbox 257 4165 337 4199; x_wconf 80' lang='lat' dir='ltr'>caere</span> <span class='ocrx_word' id='word_1_397' title='bbox 618 4164 665 4198; x_wconf 68' lang='lat'>011</span> <span class='ocrx_word' id='word_1_398' title='bbox 727 4200 730 4207; x_wconf 62' lang='grc'><strong>,</strong></span> <span class='ocrx_word' id='word_1_399' title='bbox 814 4165 929 4202; x_wconf 63' lang='lat' dir='ltr'>trote⁴</span> <span class='ocrx_word' id='word_1_400' title='bbox 1128 4163 1191 4202; x_wconf 69' lang='grc' dir='ltr'>διον</span> <span class='ocrx_word' id='word_1_401' title='bbox 1315 4163 1392 4203; x_wconf 80' lang='lat' dir='ltr'>nii</span> 
     </span>
     <span class='ocr_line' id='line_1_42' title="bbox 106 4162 1454 4297; baseline -0.001 -22"><span class='ocrx_word' id='word_1_402' title='bbox 106 4242 191 4297; x_wconf 78' lang='lat' dir='ltr'>:aqua</span> <span class='ocrx_word' id='word_1_403' title='bbox 211 4237 376 4293; x_wconf 82' lang='lat' dir='ltr'>corruptum</span> <span class='ocrx_word' id='word_1_404' title='bbox 398 4239 431 4275; x_wconf 81' lang='lat' dir='ltr'>ex</span> <span class='ocrx_word' id='word_1_405' title='bbox 448 4162 574 4293; x_wconf 69' lang='lat' dir='ltr'>eopqeu,</span> <span class='ocrx_word' id='word_1_406' title='bbox 603 4218 678 4291; x_wconf 87' lang='lat' dir='ltr'>qued</span> <span class='ocrx_word' id='word_1_407' title='bbox 697 4219 741 4275; x_wconf 85' lang='lat' dir='ltr'>rel</span> <span class='ocrx_word' id='word_1_408' title='bbox 760 4163 951 4292; x_wconf 48' lang='lat' dir='ltr'>glossicsi‘v&#39;.</span> <span class='ocrx_word' id='word_1_409' title='bbox 971 4166 1065 4286; x_wconf 52' lang='lat' dir='ltr'>casroi,</span> <span class='ocrx_word' id='word_1_410' title='bbox 1094 4219 1137 4277; x_wconf 81' lang='lat' dir='ltr'>vel</span> <span class='ocrx_word' id='word_1_411' title='bbox 1157 4187 1269 4275; x_wconf 45' lang='lat' dir='ltr'>reivers</span> <span class='ocrx_word' id='word_1_412' title='bbox 1289 4164 1342 4273; x_wconf 72' lang='lat' dir='ltr'>sicu</span> <span class='ocrx_word' id='word_1_413' title='bbox 1361 4220 1454 4292; x_wconf 74' lang='lat' dir='ltr'>aliqua</span> 
     </span>
     <span class='ocr_line' id='line_1_43' title="bbox 114 4292 1452 4373; baseline -0.005 -19"><span class='ocrx_word' id='word_1_414' title='bbox 114 4318 138 4354; x_wconf 82' lang='lat' dir='ltr'>s.</span> <span class='ocrx_word' id='word_1_415' title='bbox 166 4298 235 4353; x_wconf 82' lang='lat' dir='ltr'>stile</span> <span class='ocrx_word' id='word_1_416' title='bbox 261 4292 523 4373; x_wconf 76' lang='lat' dir='ltr'>(Schraffimadel)</span> <span class='ocrx_word' id='word_1_417' title='bbox 549 4300 677 4351; x_wconf 74' lang='lat' dir='ltr'>statuerit</span> <span class='ocrx_word' id='word_1_418' title='bbox 703 4310 767 4369; x_wconf 82' lang='lat' dir='ltr'>post</span> <span class='ocrx_word' id='word_1_419' title='bbox 792 4299 865 4367; x_wconf 80' lang='lat' dir='ltr'>signi</span> <span class='ocrx_word' id='word_1_420' title='bbox 888 4293 1026 4351; x_wconf 81' lang='lat' dir='ltr'>lusionem</span> <span class='ocrx_word' id='word_1_421' title='bbox 1047 4295 1227 4363; x_wconf 69' lang='lat' dir='ltr'>elabursbmt</span> <span class='ocrx_word' id='word_1_422' title='bbox 1247 4301 1374 4350; x_wconf 76' lang='lat' dir='ltr'>tenuiora</span> <span class='ocrx_word' id='word_1_423' title='bbox 1395 4300 1452 4349; x_wconf 82' lang='lat' dir='ltr'>oris</span> 
     </span>
     <span class='ocr_line' id='line_1_44' title="bbox 113 4368 1453 4446; baseline -0.005 -17"><span class='ocrx_word' id='word_1_424' title='bbox 113 4375 301 4438; x_wconf 68' lang='lat' dir='ltr'>lineamenta,</span> <span class='ocrx_word' id='word_1_425' title='bbox 319 4372 453 4446; x_wconf 77' lang='lat' dir='ltr'>capillos,</span> <span class='ocrx_word' id='word_1_426' title='bbox 483 4369 588 4443; x_wconf 60' lang='lat' dir='ltr'>plicam</span> <span class='ocrx_word' id='word_1_427' title='bbox 622 4375 663 4425; x_wconf 82' lang='lat' dir='ltr'>uti</span> <span class='ocrx_word' id='word_1_428' title='bbox 684 4376 714 4425; x_wconf 85' lang='lat' dir='ltr'>in</span> <span class='ocrx_word' id='word_1_429' title='bbox 736 4370 936 4434; x_wconf 69' lang='lat' dir='ltr'>erasionibus,</span> <span class='ocrx_word' id='word_1_430' title='bbox 957 4387 1027 4442; x_wconf 76' lang='lat' dir='ltr'>quse</span> <span class='ocrx_word' id='word_1_431' title='bbox 1045 4370 1109 4445; x_wconf 80' lang='lat' dir='ltr'>port</span> <span class='ocrx_word' id='word_1_432' title='bbox 1128 4370 1228 4424; x_wconf 82' lang='lat' dir='ltr'>flatum</span> <span class='ocrx_word' id='word_1_433' title='bbox 1246 4377 1358 4444; x_wconf 77' lang='lat' dir='ltr'>rignum</span> <span class='ocrx_word' id='word_1_434' title='bbox 1378 4368 1453 4425; x_wconf 73' lang='lat' dir='ltr'>baud</span> 
     </span>
     <span class='ocr_line' id='line_1_45' title="bbox 113 4443 1453 4523; baseline -0.005 -18"><span class='ocrx_word' id='word_1_435' title='bbox 113 4455 185 4505; x_wconf 80' lang='lat' dir='ltr'>eatis</span> <span class='ocrx_word' id='word_1_436' title='bbox 206 4452 350 4523; x_wconf 63' lang='grc' dir='ltr'>εἰρηκει,</span> <span class='ocrx_word' id='word_1_437' title='bbox 370 4449 412 4502; x_wconf 80' lang='lat' dir='ltr'>rel</span> <span class='ocrx_word' id='word_1_438' title='bbox 431 4451 531 4502; x_wconf 78' lang='lat' dir='ltr'>vitiosa</span> <span class='ocrx_word' id='word_1_439' title='bbox 551 4443 726 4512; x_wconf 77' lang='lat' dir='ltr'>viderentur,</span> <span class='ocrx_word' id='word_1_440' title='bbox 746 4445 781 4499; x_wconf 84' lang='lat' dir='ltr'>de</span> <span class='ocrx_word' id='word_1_441' title='bbox 794 4447 871 4499; x_wconf 80' lang='lat' dir='ltr'>caele</span> <span class='ocrx_word' id='word_1_442' title='bbox 884 4446 1065 4519; x_wconf 78' lang='lat' dir='ltr'>cogitandum</span> <span class='ocrx_word' id='word_1_443' title='bbox 1085 4462 1143 4512; x_wconf 82' lang='lat' dir='ltr'>ert,</span> <span class='ocrx_word' id='word_1_444' title='bbox 1162 4451 1186 4500; x_wconf 83' lang='lat' dir='ltr'>si</span> <span class='ocrx_word' id='word_1_445' title='bbox 1200 4458 1280 4503; x_wconf 80' lang='lat' dir='ltr'>arum</span> <span class='ocrx_word' id='word_1_446' title='bbox 1293 4446 1453 4500; x_wconf 77' lang='lat' dir='ltr'>toleramur.</span> 
     </span>
     <span class='ocr_line' id='line_1_46' title="bbox 107 4519 1453 4594; baseline -0.003 -17"><span class='ocrx_word' id='word_1_447' title='bbox 107 4572 114 4587; x_wconf 85' lang='grc'><strong>,</strong></span> <span class='ocrx_word' id='word_1_448' title='bbox 162 4553 166 4558; x_wconf 92' lang='grc'><em>·</em></span> <span class='ocrx_word' id='word_1_449' title='bbox 194 4521 231 4593; x_wconf 87' lang='lat'>(&#39;)</span> <span class='ocrx_word' id='word_1_450' title='bbox 254 4554 293 4569; x_wconf 88' lang='lat'><em>-</em></span> <span class='ocrx_word' id='word_1_451' title='bbox 311 4522 637 4577; x_wconf 30' lang='lat' dir='ltr'>cerruvalexaadr-um</span> <span class='ocrx_word' id='word_1_452' title='bbox 656 4522 692 4576; x_wconf 87' lang='grc' dir='ltr'><strong>Η.</strong></span> <span class='ocrx_word' id='word_1_453' title='bbox 712 4527 744 4578; x_wconf 86' lang='lat' dir='ltr'>V.</span> <span class='ocrx_word' id='word_1_454' title='bbox 789 4520 832 4591; x_wconf 60' lang='grc' dir='ltr'>(ἵ)</span> <span class='ocrx_word' id='word_1_455' title='bbox 859 4551 893 4569; x_wconf 85' lang='grc'>-</span> <span class='ocrx_word' id='word_1_456' title='bbox 909 4528 1001 4594; x_wconf 78' lang='lat' dir='ltr'>possit</span> <span class='ocrx_word' id='word_1_457' title='bbox 1021 4524 1063 4577; x_wconf 84' lang='lat' dir='ltr'>M.</span> <span class='ocrx_word' id='word_1_458' title='bbox 1085 4525 1115 4577; x_wconf 77' lang='lat' dir='ltr'>i.</span> <span class='ocrx_word' id='word_1_459' title='bbox 1135 4522 1217 4577; x_wconf 84' lang='lat' dir='ltr'>Grui.</span> <span class='ocrx_word' id='word_1_460' title='bbox 1244 4519 1306 4594; x_wconf 68' lang='grc' dir='ltr'>(ὅ)</span> <span class='ocrx_word' id='word_1_461' title='bbox 1331 4552 1371 4565; x_wconf 90' lang='lat'><em>-</em></span> <span class='ocrx_word' id='word_1_462' title='bbox 1390 4521 1453 4574; x_wconf 79' lang='lat' dir='ltr'>dis-</span> 
     </span>
    </p>
   </div>
   <div class='ocr_carea' id='block_1_12' title="bbox 5 4586 1452 4671">
    <p class='ocr_par' dir='ltr' id='par_1_14' title="bbox 5 4586 1452 4671">
     <span class='ocr_line' id='line_1_47' title="bbox 5 4586 1452 4671; baseline -0.004 -16"><span class='ocrx_word' id='word_1_463' title='bbox 5 4608 6 4619; x_wconf 60' lang='lat'><em>*</em></span> <span class='ocrx_word' id='word_1_464' title='bbox 115 4619 215 4655; x_wconf 72' lang='lat' dir='ltr'>cernes</span> <span class='ocrx_word' id='word_1_465' title='bbox 234 4602 265 4655; x_wconf 88' lang='lat' dir='ltr'>L.</span> <span class='ocrx_word' id='word_1_466' title='bbox 305 4599 345 4670; x_wconf 71' lang='grc'>(4)</span> <span class='ocrx_word' id='word_1_467' title='bbox 364 4624 403 4645; x_wconf 78' lang='grc' dir='ltr'>ι-</span> <span class='ocrx_word' id='word_1_468' title='bbox 421 4586 559 4650; x_wconf 75' lang='lat' dir='ltr'>eimmodt&#39;</span> <span class='ocrx_word' id='word_1_469' title='bbox 575 4600 606 4653; x_wconf 86' lang='lat' dir='ltr'>B.</span> <span class='ocrx_word' id='word_1_470' title='bbox 626 4599 661 4652; x_wconf 88' lang='lat' dir='ltr'>H.</span> <span class='ocrx_word' id='word_1_471' title='bbox 682 4600 714 4652; x_wconf 87' lang='lat' dir='ltr'>V.</span> <span class='ocrx_word' id='word_1_472' title='bbox 734 4599 776 4653; x_wconf 86' lang='lat' dir='ltr'>M.</span> <span class='ocrx_word' id='word_1_473' title='bbox 797 4640 799 4643; x_wconf 86' lang='lat'>-</span> <span class='ocrx_word' id='word_1_474' title='bbox 822 4595 862 4671; x_wconf 80' lang='lat'>(5)</span> <span class='ocrx_word' id='word_1_475' title='bbox 887 4619 925 4657; x_wconf 82' lang='lat'>=</span> <span class='ocrx_word' id='word_1_476' title='bbox 943 4618 1028 4670; x_wconf 76' lang='lat' dir='ltr'>ecqua</span> <span class='ocrx_word' id='word_1_477' title='bbox 1049 4603 1078 4653; x_wconf 87' lang='lat' dir='ltr'>L.</span> <span class='ocrx_word' id='word_1_478' title='bbox 1123 4593 1163 4665; x_wconf 70' lang='lat'>(0)</span> <span class='ocrx_word' id='word_1_479' title='bbox 1186 4620 1223 4655; x_wconf 85' lang='lat'><strong><em>=</em></strong></span> <span class='ocrx_word' id='word_1_480' title='bbox 1242 4597 1345 4668; x_wconf 67' lang='lat' dir='ltr'>alique</span> <span class='ocrx_word' id='word_1_481' title='bbox 1363 4599 1401 4654; x_wconf 84' lang='grc' dir='ltr'><strong>Η.</strong></span> <span class='ocrx_word' id='word_1_482' title='bbox 1420 4598 1452 4651; x_wconf 86' lang='lat' dir='ltr'>L.</span> 
     </span>
    </p>
   </div>
   <div class='ocr_carea' id='block_1_13' title="bbox 5 4662 1525 4826">
    <p class='ocr_par' dir='ltr' id='par_1_15' title="bbox 5 4662 1525 4826">
     <span class='ocr_line' id='line_1_48' title="bbox 5 4662 1525 4751; baseline -0.001 -19"><span class='ocrx_word' id='word_1_483' title='bbox 5 4732 7 4751; x_wconf 53' lang='grc' dir='ltr'>Ι</span> <span class='ocrx_word' id='word_1_484' title='bbox 107 4685 196 4743; x_wconf 80' lang='lat' dir='ltr'>¹(non</span> <span class='ocrx_word' id='word_1_485' title='bbox 214 4677 266 4742; x_wconf 85' lang='lat' dir='ltr'>V.)</span> <span class='ocrx_word' id='word_1_486' title='bbox 316 4675 354 4742; x_wconf 86' lang='lat'>(7)</span> <span class='ocrx_word' id='word_1_487' title='bbox 385 4703 425 4718; x_wconf 81' lang='lat'><em>-</em></span> <span class='ocrx_word' id='word_1_488' title='bbox 449 4681 617 4739; x_wconf 79' lang='lat' dir='ltr'>agnosceret</span> <span class='ocrx_word' id='word_1_489' title='bbox 643 4690 706 4728; x_wconf 86' lang='lat' dir='ltr'>cum</span> <span class='ocrx_word' id='word_1_490' title='bbox 732 4662 802 4737; x_wconf 66' lang='lat' dir='ltr'>ced.</span> <span class='ocrx_word' id='word_1_491' title='bbox 828 4672 941 4740; x_wconf 45' lang='lat' dir='ltr'>Eruet.</span> <span class='ocrx_word' id='word_1_492' title='bbox 994 4672 1034 4747; x_wconf 69' lang='lat' dir='ltr'>(fl)</span> <span class='ocrx_word' id='word_1_493' title='bbox 1066 4671 1129 4727; x_wconf 85' lang='lat' dir='ltr'>ride</span> <span class='ocrx_word' id='word_1_494' title='bbox 1155 4671 1269 4744; x_wconf 71' lang='lat' dir='ltr'>Madvig</span> <span class='ocrx_word' id='word_1_495' title='bbox 1290 4675 1312 4729; x_wconf 80' lang='lat' dir='ltr'>l.</span> <span class='ocrx_word' id='word_1_496' title='bbox 1340 4692 1365 4748; x_wconf 64' lang='lat' dir='ltr'>p·</span> <span class='ocrx_word' id='word_1_497' title='bbox 1392 4678 1440 4732; x_wconf 81' lang='lat' dir='ltr'>ret</span> <span class='ocrx_word' id='word_1_498' title='bbox 1522 4704 1525 4711; x_wconf 28' lang='grc' dir='ltr'><strong>Δ</strong></span> 
     </span>
     <span class='ocr_line' id='line_1_49' title="bbox 116 4704 1453 4826; baseline 0.001 -27"><span class='ocrx_word' id='word_1_499' title='bbox 116 4753 160 4826; x_wconf 77' lang='grc'>(9)</span> <span class='ocrx_word' id='word_1_500' title='bbox 190 4781 231 4794; x_wconf 89' lang='grc'><strong>-</strong></span> <span class='ocrx_word' id='word_1_501' title='bbox 248 4768 305 4807; x_wconf 83' lang='lat' dir='ltr'>om,</span> <span class='ocrx_word' id='word_1_502' title='bbox 325 4758 358 4803; x_wconf 77' lang='lat' dir='ltr'>ut</span> <span class='ocrx_word' id='word_1_503' title='bbox 377 4752 408 4805; x_wconf 82' lang='lat' dir='ltr'>L.</span> <span class='ocrx_word' id='word_1_504' title='bbox 459 4747 579 4816; x_wconf 63' lang='grc'>(10)-</span> <span class='ocrx_word' id='word_1_505' title='bbox 605 4747 900 4803; x_wconf 61' lang='lat' dir='ltr'>admiscuerint.</span> <span class='ocrx_word' id='word_1_506' title='bbox 953 4747 1002 4823; x_wconf 63' lang='grc' dir='ltr'>(η)</span> <span class='ocrx_word' id='word_1_507' title='bbox 1034 4780 1083 4817; x_wconf 54' lang='lat'>-·-¹⁴</span> <span class='ocrx_word' id='word_1_508' title='bbox 1097 4749 1213 4808; x_wconf 80' lang='lat' dir='ltr'>videare</span> <span class='ocrx_word' id='word_1_509' title='bbox 1233 4765 1292 4800; x_wconf 77' lang='lat' dir='ltr'>esre</span> <span class='ocrx_word' id='word_1_510' title='bbox 1311 4704 1453 4817; x_wconf 57' lang='lat' dir='ltr'>mentieris.</span> 
     </span>
    </p>
   </div>
   <div class='ocr_carea' id='block_1_14' title="bbox 5 4822 1454 4900">
    <p class='ocr_par' dir='ltr' id='par_1_16' title="bbox 5 4822 1454 4900">
     <span class='ocr_line' id='line_1_50' title="bbox 5 4822 1454 4900; baseline -0.004 -19"><span class='ocrx_word' id='word_1_511' title='bbox 5 4852 7 4859; x_wconf 64' lang='lat'><strong><em>¹</em></strong></span> <span class='ocrx_word' id='word_1_512' title='bbox 118 4827 227 4883; x_wconf 68' lang='lat' dir='ltr'>sedne</span> <span class='ocrx_word' id='word_1_513' title='bbox 245 4824 296 4881; x_wconf 86' lang='lat' dir='ltr'>Cd.</span> <span class='ocrx_word' id='word_1_514' title='bbox 318 4824 462 4899; x_wconf 83' lang='lat' dir='ltr'>Stephani.</span> <span class='ocrx_word' id='word_1_515' title='bbox 487 4823 545 4900; x_wconf 84' lang='lat'>(-·</span> <span class='ocrx_word' id='word_1_516' title='bbox 562 4824 679 4876; x_wconf 78' lang='lat' dir='ltr'>videare</span> <span class='ocrx_word' id='word_1_517' title='bbox 699 4830 831 4877; x_wconf 79' lang='lat' dir='ltr'>mentitus</span> <span class='ocrx_word' id='word_1_518' title='bbox 849 4843 919 4878; x_wconf 80' lang='lat' dir='ltr'>rese.</span> <span class='ocrx_word' id='word_1_519' title='bbox 961 4827 999 4878; x_wconf 84' lang='lat' dir='ltr'>Ut</span> <span class='ocrx_word' id='word_1_520' title='bbox 1024 4825 1060 4879; x_wconf 89' lang='lat' dir='ltr'>D.</span> <span class='ocrx_word' id='word_1_521' title='bbox 1081 4822 1173 4897; x_wconf 85' lang='lat' dir='ltr'>susp.)</span> <span class='ocrx_word' id='word_1_522' title='bbox 1213 4823 1263 4891; x_wconf 54' lang='grc' dir='ltr'>(Β)</span> <span class='ocrx_word' id='word_1_523' title='bbox 1289 4854 1326 4868; x_wconf 91' lang='lat'>-·</span> <span class='ocrx_word' id='word_1_524' title='bbox 1344 4845 1374 4879; x_wconf 80' lang='lat' dir='ltr'>sc</span> <span class='ocrx_word' id='word_1_525' title='bbox 1394 4832 1454 4896; x_wconf 78' lang='lat' dir='ltr'>ipre</span> 
     </span>
    </p>
   </div>
   <div class='ocr_carea' id='block_1_15' title="bbox 111 4897 1455 5047">
    <p class='ocr_par' dir='ltr' id='par_1_17' title="bbox 111 4897 1455 5047">
     <span class='ocr_line' id='line_1_51' title="bbox 120 4897 1455 4972; baseline 0 -18"><span class='ocrx_word' id='word_1_526' title='bbox 120 4901 176 4972; x_wconf 83' lang='lat' dir='ltr'>inf.</span> <span class='ocrx_word' id='word_1_527' title='bbox 196 4902 228 4956; x_wconf 89' lang='lat' dir='ltr'>L.</span> <span class='ocrx_word' id='word_1_528' title='bbox 249 4899 279 4958; x_wconf 71' lang='grc' dir='ltr'><strong>Ε.</strong></span> <span class='ocrx_word' id='word_1_529' title='bbox 318 4899 370 4970; x_wconf 77' lang='lat'>(¹³)</span> <span class='ocrx_word' id='word_1_530' title='bbox 389 4916 428 4954; x_wconf 75' lang='lat' dir='ltr'>ee</span> <span class='ocrx_word' id='word_1_531' title='bbox 447 4901 568 4952; x_wconf 74' lang='lat' dir='ltr'>eiscsdem</span> <span class='ocrx_word' id='word_1_532' title='bbox 587 4899 665 4952; x_wconf 82' lang='lat' dir='ltr'>medi</span> <span class='ocrx_word' id='word_1_533' title='bbox 683 4899 716 4952; x_wconf 83' lang='lat' dir='ltr'>dc</span> <span class='ocrx_word' id='word_1_534' title='bbox 738 4900 774 4956; x_wconf 85' lang='lat' dir='ltr'>G.</span> <span class='ocrx_word' id='word_1_535' title='bbox 795 4917 868 4972; x_wconf 82' lang='lat' dir='ltr'>susp.</span> <span class='ocrx_word' id='word_1_536' title='bbox 891 4898 957 4954; x_wconf 86' lang='lat' dir='ltr'>Sch.</span> <span class='ocrx_word' id='word_1_537' title='bbox 974 4908 1001 4957; x_wconf 80' lang='lat'>2.</span> <span class='ocrx_word' id='word_1_538' title='bbox 1040 4898 1091 4967; x_wconf 73' lang='lat'>(¹⁴)</span> <span class='ocrx_word' id='word_1_539' title='bbox 1109 4918 1174 4953; x_wconf 81' lang='lat' dir='ltr'>cum</span> <span class='ocrx_word' id='word_1_540' title='bbox 1194 4897 1264 4955; x_wconf 62' lang='lat' dir='ltr'>Cssd.</span> <span class='ocrx_word' id='word_1_541' title='bbox 1285 4900 1322 4954; x_wconf 87' lang='lat' dir='ltr'>G.</span> <span class='ocrx_word' id='word_1_542' title='bbox 1342 4929 1378 4946; x_wconf 74' lang='grc' dir='ltr'>ι-</span> <span class='ocrx_word' id='word_1_543' title='bbox 1397 4918 1455 4955; x_wconf 78' lang='lat' dir='ltr'>nors</span> 
     </span>
     <span class='ocr_line' id='line_1_52' title="bbox 111 4968 1390 5047; baseline -0.002 -13"><span class='ocrx_word' id='word_1_544' title='bbox 111 4978 225 5037; x_wconf 75' lang='lat' dir='ltr'>,diecret</span> <span class='ocrx_word' id='word_1_545' title='bbox 244 4978 348 5033; x_wconf 84' lang='lat' dir='ltr'>Ceteri.</span> <span class='ocrx_word' id='word_1_546' title='bbox 382 4977 435 5031; x_wconf 47' lang='lat' dir='ltr'>&lt;sie</span> <span class='ocrx_word' id='word_1_547' title='bbox 453 4978 478 5045; x_wconf 81' lang='lat'>§.</span> <span class='ocrx_word' id='word_1_548' title='bbox 498 4980 545 5039; x_wconf 81' lang='lat'>89.</span> <span class='ocrx_word' id='word_1_549' title='bbox 563 4984 601 5020; x_wconf 57' lang='lat' dir='ltr'>A.</span> <span class='ocrx_word' id='word_1_550' title='bbox 618 4980 739 5028; x_wconf 77' lang='lat' dir='ltr'>incitare</span> <span class='ocrx_word' id='word_1_551' title='bbox 749 4973 859 5047; x_wconf 83' lang='lat' dir='ltr'>furere</span> <span class='ocrx_word' id='word_1_552' title='bbox 878 4977 947 5045; x_wconf 71' lang='lat' dir='ltr'>dicit</span> <span class='ocrx_word' id='word_1_553' title='bbox 966 4968 1163 5043; x_wconf 67' lang='lat' dir='ltr'>cednaustt</span> <span class='ocrx_word' id='word_1_554' title='bbox 1182 4990 1200 5027; x_wconf 80' lang='lat' dir='ltr'>a</span> <span class='ocrx_word' id='word_1_555' title='bbox 1218 4973 1280 5029; x_wconf 67' lang='lat' dir='ltr'>sec.</span> <span class='ocrx_word' id='word_1_556' title='bbox 1294 4992 1390 5047; x_wconf 67' lang='lat' dir='ltr'>manu.</span> 
     </span>
    </p>
   </div>
   <div class='ocr_carea' id='block_1_16' title="bbox 0 0 1648 5490">
    <p class='ocr_par' dir='ltr' id='par_1_18' title="bbox 0 0 1648 5490">
     <span class='ocr_line' id='line_1_53' title="bbox 0 0 1648 5490; baseline 0 0"><span class='ocrx_word' id='word_1_557' title='bbox 0 0 1648 5490; x_wconf 95' lang='lat' dir='ltr'> </span> 
     </span>
    </p>
   </div>
  </div>
 </body>
</html>
