3188 5492
227 413 289 478 258
649 411 849 479 AURELII
881 413 1138 479 AUGUSTINI

228 555 305 640 Ego
339 538 448 639 itaque
481 553 545 617 hoc
573 560 697 627 totum,
731 553 952 640 qualecumque
980 565 1029 618 est
1063 554 1153 640 qnod
1190 574 1249 619 nos
1288 552 1429 619 eontinet
1459 565 1530 637 atqu

228 649 303 722 alit,
326 649 410 724 hoc,
433 646 582 731 inquam,
606 650 692 729 quod
716 646 817 712 oculis
839 647 917 711 meis
940 660 1136 730 apparet,'a
1157 669 1271 731 meque
1289 646 1426 711 sentitur
1439 648 1531 711 habere

229 753 346 804 terram
369 752 400 803 et
422 739 564 814 caelum,
595 739 762 823 autquasi
784 751 902 804 terram
932 752 965 804 ct
994 741 1086 827 quasi
1116 742 1257 816 caelum,
1288 743 1435 804 muudum
1457 761 1531 805 voco.

205 834 265 909 “Si
286 836 367 897 dicis
388 833 466 897 nihil
488 833 562 895 mihi
585 834 704 909 videri,
735 855 895 919 nunquam
917 837 1047 901 errabo.
1102 835 1137 898 Is
1159 835 1240 898 euim
1262 843 1369 908 errat,
1396 832 1533 917 quiqnnl

226 929 288 995 sibi
302 929 439 1004 ridetur,
463 939 583 991 temere
596 930 728 1010 probat.
764 929 869 993 Posse
884 929 964 993 euim
979 930 1096 994 laisum
1118 928 1220 992 videri
1242 948 1259 990 a
1282 927 1483 991 sentientibus
1500 928 1533 989 di·

227 1023 316 1098 citis,
341 1021 419 1085 nibil
442 1021 542 1084 videri
563 1042 628 1086 nou
649 1021 764 1085 dicitis.
809 1024 953 1088 Prorsus
975 1023 1058 1087 enim
1080 1023 1181 1087 omnis
1202 1022 1428 1104 disputationis
1449 1040 1535 1083 massa

227 1117 378 1191 tolletur,
408 1116 464 1179 ubi
485 1136 623 1200 regnare
644 1136 705 1179 vos
732 1116 827 1193 libet,
853 1117 880 1181 si
902 1139 967 1182 non
988 1118 1090 1181 solum
1113 1116 1190 1179 nihil
1212 1117 1348 1190 scimus,
1389 1117 1444 1178 sed
1462 1115 1534 1178 etiin
1566 1106 1568 1113 ⁴

227 1211 305 1277 nibil
334 1210 426 1275 nobis
457 1210 598 1273 videtur.
657 1210 692 1272 Si
721 1221 824 1273 autem
846 1212 911 1275 hoc
932 1213 1021 1294 qnod
1041 1210 1117 1273 mibi
1140 1210 1268 1273 videtur
1290 1230 1392 1292 negas
1413 1211 1535 1270 mundun

228 1328 315 1382 esse,
348 1308 387 1368 de
410 1303 542 1369 nomine
557 1303 814 1369 controversiam
835 1304 935 1380 facis,
967 1326 1063 1388 quum
1085 1292 1118 1367 id
1139 1324 1157 1366 a
1179 1324 1229 1366 nae
1251 1302 1389 1365 dixerim
1410 1305 1535 1367 mundun
1567 1314 1568 1345 ³

117 1432 120 1437 ·
228 1398 352 1464 vocari.

312 1492 365 1555 25.
396 1491 564 1567 Etiamne,
600 1489 743 1575 inquies,
778 1486 806 1554 ii
828 1492 968 1568 dormis,
1002 1495 1136 1555 mundus
1159 1501 1208 1555 est
1230 1491 1300 1566 iste,
1326 1509 1421 1574 quem
1442 1486 1536 1551 rides?

155 1648 162 1676 ὲ
228 1587 295 1650 lam
319 1586 438 1648 dietum
460 1595 528 1660 est,
553 1584 709 1670 quidquid
729 1585 793 1647 tale
816 1586 890 1649 mihi
911 1587 1058 1662 videtur,
1089 1589 1237 1649 meandum
1260 1584 1405 1667 appello.
1447 1583 1502 1644 Setl
1515 1579 1535 1643 si

144 1699 149 1703 “
228 1702 299 1744 eum
322 1679 426 1744 solnm
447 1681 553 1762 placet
576 1684 725 1743 mundum
747 1699 885 1756 vocare,
909 1680 964 1765 qui
987 1679 1113 1743 ridetur
1136 1700 1154 1742 a
1176 1678 1385 1762 vigilantibus
1401 1675 1535 1739 veletian

211 1797 245 1849 ‚a
269 1775 372 1850 sanis,
407 1773 486 1836 illud
508 1775 684 1847 contende,
719 1770 746 1835 si
768 1785 882 1854 potes,
921 1794 977 1837 cos
1000 1774 1055 1858 qui
1077 1773 1238 1840 dormiunt
1259 1794 1297 1836 ac
1317 1771 1459 1845 l'uriuut,
1488 1790 1536 1833 nun

155 1857 158 1869 ’
225 1870 398 1932 inmundo
419 1867 532 1931 furere
555 1879 650 1949 atque
672 1868 825 1929 dormire.
882 1868 1098 1948 Quamobrem
1120 1870 1183 1931 hoc
1213 1867 1306 1941 dieo,
1342 1865 1437 1927 istam
1459 1875 1535 1927 tutan

227 1983 404 2043 corporum
427 1961 542 2024 molem
565 1971 661 2045 atque
682 1960 870 2039 machinam,
893 1962 928 2024 in
950 1983 1012 2046 qua
1034 1982 1154 2035 sumus,
1178 1961 1247 2025 sive
1263 1960 1468 2033 dormientes,
1486 1958 1534 2019 sive

225 2056 390 2131 satuentes,
415 2055 482 2118 sive
505 2054 690 2139 vigilantes,
714 2054 783 2117 sive
804 2054 893 2131 sani,
918 2066 973 2116 aut
990 2076 1083 2119 unam
1100 2075 1191 2130 esse,
1216 2067 1271 2118 sut
1286 2077 1351 2119 non
1369 2075 1439 2117 esse
1452 2072 1533 2115 noan.

228 2148 402 2224 Edissere,
439 2150 603 2234 quomodo
631 2148 735 2229 possit
756 2149 814 2212 ista
837 2169 905 2212 esse
927 2150 1006 2212 falsa
1028 2152 1195 2213 sententia.
1252 2150 1287 2213 Si
1309 2150 1393 2212 enim
1416 2145 1533 2217 dormio,

227 2243 298 2306 fieri
319 2252 449 2325 potest,
481 2251 517 2304 ut
538 2239 616 2303 nibil
637 2240 796 2305 dixerim:
834 2254 888 2304 aut
913 2242 941 2304 si
963 2242 1056 2307 etiam
1079 2266 1137 2309 ore
1159 2244 1345 2313 dormientis
1369 2245 1480 2316 verba,
1509 2248 1533 2301 ut

226 2339 328 2413 solet,
365 2343 558 2408 evaserunt,
588 2346 697 2417 potest
718 2335 807 2411 fieri,
831 2346 866 2397 ut
892 2356 957 2399 non
979 2339 1049 2413 hle,
1085 2359 1150 2402 non
1171 2340 1216 2401 ita
1236 2340 1372 2416 sedens,
1408 2357 1468 2401 non
1484 2331 1533 2407 istis

228 2429 425 2494 audientibus
448 2428 603 2492 dixerim:
634 2439 670 2491 ut
692 2440 795 2492 autem
818 2430 883 2493 hoc
903 2430 1016 2503 falsum
1039 2430 1098 2507 sit,
1122 2453 1187 2497 non
1208 2438 1345 2515 potest.'
1387 2434 1455 2496 Nec
1472 2444 1532 2510 ergo

228 2524 308 2587 illud
330 2545 380 2587 me
401 2522 583 2605 percepisse
602 2522 694 2598 dico,
719 2525 808 2608 qnod
830 2524 972 2608 vigilem.
1016 2522 1119 2589 Potes
1141 2524 1223 2588 enirn
1246 2526 1375 2603 dicere,
1399 2526 1461 2588 boc
1477 2515 1532 2582 mihi

230 2618 324 2686 etiam
348 2615 517 2680 dormienti
537 2616 641 2679 videri
661 2615 828 2705 potuisse3
864 2619 1002 2703 ideoque
1026 2622 1090 2683 boc
1114 2631 1222 2702 potest
1243 2640 1312 2683 esse
1333 2620 1418 2683 salso
1439 2611 1531 2680 similli-

228 2733 326 2774 mum.
372 2709 407 2773 si
429 2721 531 2773 autem
553 2730 634 2772 rmus
658 2721 690 2771 et
712 2729 770 2772 sex
791 2711 898 2775 mundi
912 2723 1003 2787 sunt,
1027 2725 1149 2794 septem
1163 2713 1297 2776 mundos
1311 2732 1403 2787 esse,
1425 2725 1530 2794 quoquo

228 2806 325 2868 modo
353 2804 485 2866 affectus
512 2801 590 2877 sim,
626 2801 827 2866 manifestum
856 2815 923 2881 est,
962 2816 995 2868 ct
1022 2806 1055 2869 id
1083 2828 1131 2871 me
1159 2808 1242 2870 scire
1271 2827 1336 2870 non
1358 2805 1530 2887 impudenter

169 2898 172 2905 '
227 2897 362 2961 affirmo.
407 2895 514 2978 Quare
537 2897 589 2958 vel
610 2897 697 2961 hane
715 2898 962 2974 connexionem,
986 2901 1040 2964 vel
1059 2900 1130 2964 illas
1148 2899 1293 2983 superins
1311 2898 1528 2964 disiunctioneo

228 2996 310 3055 doce
330 3011 444 3055 somno
467 3002 520 3053 aut
541 2990 656 3054 surore
678 3003 734 3054 ant
755 2993 894 3056 vanitate
916 3014 1063 3057 sensuum
1085 3016 1181 3077 posse
1203 3015 1272 3059 esse
1293 2994 1411 3071 salsas,
1434 3002 1463 3054 et
1480 3008 1528 3058 uei

140 3134 145 3141 .
228 3087 256 3169 si
277 3085 522 3170 expergefactus
544 3085 604 3148 ista
625 3084 818 3160 meminero,
857 3087 977 3150 victum
999 3109 1068 3153 esse
1094 3091 1280 3153 concedam.
1340 3088 1449 3153 Credo
1468 3082 1528 3146 enin

191 3228 193 3233 -
228 3179 289 3244 iam
312 3181 387 3243 satis
409 3178 549 3263 liquere,
575 3199 655 3262 quae
679 3200 737 3261 per
759 3179 914 3245 somnium
937 3193 969 3245 et
991 3182 1178 3249 dementiam
1199 3184 1279 3247 falsa
1308 3183 1528 3253 videaturunus

227 3273 359 3350 scilicet,
384 3294 465 3356 quae
488 3275 527 3335 ad
549 3271 700 3353 corporis
722 3293 832 3337 sensus
854 3273 1033 3354 pertinent:
1058 3300 1131 3340 nam
1152 3289 1203 3340 ter
1220 3289 1312 3340 terna
1335 3297 1450 3341 novem
1467 3289 1526 3341 esso

228 3379 259 3431 et
281 3369 469 3453 quadratum
491 3364 738 3448 intelligibilium
769 3388 971 3431 numerorum
1001 3391 1131 3445 necesse
1161 3381 1229 3446 est,
1268 3371 1320 3433 vel
1349 3389 1462 3454 genere
1484 3366 1527 3426 bu·

229 3483 321 3525 mano
344 3471 496 3524 stertente
519 3458 560 3522 sit
583 3472 707 3522 venitm.
767 3461 965 3546 Quamquam
995 3465 1086 3527 etiam
1108 3485 1170 3546 pro
1192 3462 1270 3544 ipsis
1292 3464 1433 3526 sensibus
1454 3456 1525 3521 nun

227 3577 323 3637 posse
345 3555 407 3617 dici
429 3554 543 3626 rideo,
567 3574 649 3637 quae
665 3556 706 3616 ab
721 3556 921 3620 Academicis
937 3559 1128 3641 reprehensa
1144 3578 1207 3621 non
1223 3557 1412 3620 invenimus.
1442 3551 1525 3618 Crede

229 3649 310 3711 enim
333 3669 443 3712 sensus
465 3668 530 3709 nou
554 3647 708 3723 accusari,
730 3649 784 3710 vel
807 3654 894 3734 quod
909 3651 1147 3736 imaginationes
1162 3653 1256 3715 falsas
1273 3652 1414 3714 furentes
1428 3645 1525 3731 patiar

111 3746 121 3771 ²
229 3752 299 3815 tur,
334 3743 386 3805 vel
414 3744 503 3825 qnod
530 3742 609 3827 falsa
638 3742 817 3807 insomnis
846 3744 1002 3809 videmus.
1062 3747 1097 3810 Si
1129 3747 1211 3809 euim
1240 3765 1317 3808 vera
1349 3738 1524 3829 vigilantibus

227 3845 322 3918 atque
344 3834 427 3897 sanis
450 3835 689 3912 renuntiarunt,
728 3836 805 3901 nibil
832 3839 871 3901 ad
894 3859 950 3902 eos
973 3839 1050 3926 quid
1071 3840 1133 3904 sibi
1155 3840 1274 3904 animus
1297 3836 1472 3902 dormientis
1488 3829 1522 3893 it·

227 3927 438 4012 sanientisque
463 3929 638 4012 conlingat.

311 4021 365 4084 et.
390 4025 501 4086 Restat
522 4033 557 4085 ut
579 4033 771 4106 quaeratur,
801 4036 906 4090 utrum
929 4049 1026 4113 quum
1047 4027 1109 4112 ipsi
1130 4026 1332 4102 renuntiant,
1367 4041 1467 4089 verum
1485 4035 1521 4079 ιι·

225 4114 380 4177 nuntient.
437 4118 535 4200 Age,
570 4117 598 4179 si
625 4117 708 4199 dicat
729 4118 911 4200 Epicureus
933 4122 1108 4206 quispiam:
1147 4124 1236 4188 Nihil
1262 4125 1367 4187 habeo
1395 4112 1520 4203 quodie

224 4208 368 4273 sensibus
391 4230 584 4292 conquerar.
629 4212 783 4275 luiustnm
807 4224 855 4276 est
877 4215 960 4279 enim
983 4220 1023 4281 ab
1045 4217 1090 4281 eis
1114 4218 1245 4303 exigere
1265 4219 1337 4300 plus
1359 4235 1446 4302 quani
1464 4224 1519 4291 μοι·

223 4314 316 4366 snut:
354 4302 507 4387 quidquid
529 4315 631 4367 autem
653 4317 789 4387 possunt
816 4306 924 4373 videre
958 4312 1061 4388 oculi,
1098 4333 1212 4376 rernm
1241 4312 1361 4376 vident.
1414 4308 1519 4387 Etgsstl

224 4417 335 4458 verum
358 4409 418 4471 est,
443 4401 530 4481 quod
553 4400 591 4460 de
613 4420 703 4461 remo
725 4397 765 4461 iu.
779 4418 861 4484 aqna
876 4401 1009 4468 vident?
1031 4407 1174 4471 Prorsus
1189 4427 1312 4470 vertum.
1343 4407 1421 4469 Nam
1435 4408 1517 4461 cassu

223 4491 392 4552 accedente
415 4510 514 4573 quare
535 4490 579 4553 ita
603 4491 783 4569 videretur,
823 4494 851 4557 si
874 4497 1035 4579 demersus
1051 4490 1142 4564 ,unda
1163 4521 1268 4564 cemus
1289 4511 1395 4564 rectus
1414 4501 1517 4574 apptt‘·

222 4596 290 4658 ret,
324 4583 425 4668 magis
445 4583 559 4646 oculos
581 4605 669 4648 meus
690 4586 789 4649 falsae
810 4591 1051 4657 renuntiationis
1075 4615 1255 4679 arguerem.
1299 4597 1376 4658 Non
1397 4587 1465 4655 euim
1482 4573 1515 4639 ts·

222 4682 335 4740 derent
356 4679 444 4762 quod
466 4677 580 4765 talibus
603 4678 826 4744 exsistentibus
857 4683 975 4747 caussis
1004 4686 1174 4750 videndum
1202 4686 1277 4750 fnit.
1334 4686 1415 4768 Quid
1438 4667 1514 4741 muti!

222 4790 303 4851 opus
325 4768 402 4833 est?
439 4770 514 4837 Hoc
534 4772 575 4832 de
589 4771 732 4834 turrium
754 4786 865 4852 motu,
894 4778 960 4841 boc
981 4782 1019 4842 de
1041 4781 1178 4863 pinnulis
1201 4780 1325 4856 arium,
1353 4783 1410 4843 hoc
1429 4776 1460 4836 tlt
1476 4782 1511 4825 ⁰⁶·

222 4864 302 4925 teris
323 4857 605 4927 innumerabilibus
627 4864 690 4929 dici
710 4878 830 4946 potest.
888 4871 964 4956 Ego
986 4885 1091 4936 tamen
1111 4873 1229 4950 fallor,
1253 4874 1281 4938 si
1302 4871 1460 4939 assentiar,
1482 4853 1512 4918 ²5¹

221 4959 391 5045 quispiam.
410 4981 413 4987 ’
450 4956 531 5021 Noli
549 4957 622 5041 plus
644 4957 810 5038 assentiri,
845 4984 939 5049 quarn
960 4978 994 5030 ut
1016 4966 1060 5033 ita
1080 4968 1139 5033 tibi
1160 4989 1317 5053 apparere
1338 4959 1508 5055 persuadeat
