<?xml version="1.0" encoding="UTF-8"?>
<!DOCTYPE html PUBLIC "-//W3C//DTD XHTML 1.0 Transitional//EN"
    "http://www.w3.org/TR/xhtml1/DTD/xhtml1-transitional.dtd">
<html xmlns="http://www.w3.org/1999/xhtml" xml:lang="en" lang="en">
 <head>
  <title>
</title>
<meta http-equiv="Content-Type" content="text/html;charset=utf-8" />
  <meta name='ocr-system' content='tesseract 3.04.00' />
  <meta name='ocr-capabilities' content='ocr_page ocr_carea ocr_par ocr_line ocrx_word'/>
</head>
<body>
  <div class='ocr_page' id='page_1' title='image "./mtulliiciceroni01orelgoog_0136.png"; bbox 0 0 3252 5490; ppageno 0'>
   <div class='ocr_carea' id='block_1_1' title="bbox 518 340 1387 478">
    <p class='ocr_par' dir='ltr' id='par_1_1' title="bbox 518 340 1387 493">
     <span class='ocr_line' id='line_1_1' title="bbox 518 340 1387 478; baseline -0.012 -11"><span class='ocrx_word' id='word_1_1' title='bbox 518 398 612 469; x_wconf 73' lang='lat' dir='ltr'><strong><em>stu.</em></strong></span> <span class='ocrx_word' id='word_1_2' title='bbox 636 350 694 478; x_wconf 49' lang='grc' dir='ltr'><strong><em>Π(</em></strong></span> <span class='ocrx_word' id='word_1_3' title='bbox 723 396 766 462; x_wconf 78' lang='lat' dir='ltr'><strong><em>c,</em></strong></span> <span class='ocrx_word' id='word_1_4' title='bbox 790 399 843 462; x_wconf 62' lang='lat' dir='ltr'><strong><em>m.</em></strong></span> <span class='ocrx_word' id='word_1_5' title='bbox 868 397 922 463; x_wconf 80' lang='lat' dir='ltr'><strong><em>et.</em></strong></span> <span class='ocrx_word' id='word_1_6' title='bbox 1139 419 1141 423; x_wconf 66' lang='lat'><strong><em>,</em></strong></span> <span class='ocrx_word' id='word_1_7' title='bbox 1286 340 1292 355; x_wconf 45' lang='lat'><strong><em>¹</em></strong></span> <span class='ocrx_word' id='word_1_8' title='bbox 1327 390 1387 464; x_wconf 77' lang='lat' dir='ltr'><strong><em>us</em></strong></span> 
     </span>
    </p>
   </div>
   <div class='ocr_carea' id='block_1_2' title="bbox 26 543 1599 3925">
    <p class='ocr_par' dir='ltr' id='par_1_2' title="bbox 63 543 1599 1579">
     <span class='ocr_line' id='line_1_2' title="bbox 65 543 1388 629; baseline -0.003 -16"><span class='ocrx_word' id='word_1_9' title='bbox 65 561 100 613; x_wconf 87' lang='lat' dir='ltr'><strong><em>ut</em></strong></span> <span class='ocrx_word' id='word_1_10' title='bbox 119 546 203 609; x_wconf 82' lang='lat' dir='ltr'><strong><em>nibil</em></strong></span> <span class='ocrx_word' id='word_1_11' title='bbox 227 545 273 607; x_wconf 86' lang='lat' dir='ltr'><strong><em>ad</em></strong></span> <span class='ocrx_word' id='word_1_12' title='bbox 290 564 412 607; x_wconf 85' lang='lat' dir='ltr'><strong><em>eorum</em></strong></span> <span class='ocrx_word' id='word_1_13' title='bbox 433 543 710 627; x_wconf 67' lang='lat' dir='ltr'><em>magnitudinem</em></span> <span class='ocrx_word' id='word_1_14' title='bbox 723 546 865 627; x_wconf 77' lang='lat' dir='ltr'><strong><em>posset¹</em></strong></span> <span class='ocrx_word' id='word_1_15' title='bbox 879 545 1054 608; x_wconf 75' lang='lat' dir='ltr'><strong><em>accedere.</em></strong></span> <span class='ocrx_word' id='word_1_16' title='bbox 1088 545 1225 629; x_wconf 73' lang='lat' dir='ltr'><strong><em>[Ecce2]</em></strong></span> <span class='ocrx_word' id='word_1_17' title='bbox 1240 545 1388 625; x_wconf 85' lang='lat' dir='ltr'><strong><em>miserum</em></strong></span> 
     </span>
     <span class='ocr_line' id='line_1_3' title="bbox 64 638 1394 724; baseline -0.001 -19"><span class='ocrx_word' id='word_1_18' title='bbox 64 642 231 716; x_wconf 84' lang='lat' dir='ltr'><strong><em>bominem,</em></strong></span> <span class='ocrx_word' id='word_1_19' title='bbox 262 639 290 702; x_wconf 89' lang='lat' dir='ltr'><strong><em>si</em></strong></span> <span class='ocrx_word' id='word_1_20' title='bbox 316 640 412 702; x_wconf 88' lang='lat' dir='ltr'><strong><em>dolor</em></strong></span> <span class='ocrx_word' id='word_1_21' title='bbox 433 655 587 701; x_wconf 82' lang='lat' dir='ltr'><strong><em>sttmmum</em></strong></span> <span class='ocrx_word' id='word_1_22' title='bbox 616 638 732 700; x_wconf 76' lang='lat' dir='ltr'><strong><em>mallim</em></strong></span> <span class='ocrx_word' id='word_1_23' title='bbox 753 641 819 700; x_wconf 81' lang='lat' dir='ltr'><strong><em>est!</em></strong></span> <span class='ocrx_word' id='word_1_24' title='bbox 862 639 936 704; x_wconf 90' lang='lat' dir='ltr'><strong><em>Dici</em></strong></span> <span class='ocrx_word' id='word_1_25' title='bbox 964 641 1054 703; x_wconf 87' lang='lat' dir='ltr'><strong><em>aliter</em></strong></span> <span class='ocrx_word' id='word_1_26' title='bbox 1073 663 1139 705; x_wconf 91' lang='lat' dir='ltr'><strong><em>non</em></strong></span> <span class='ocrx_word' id='word_1_27' title='bbox 1162 653 1282 724; x_wconf 84' lang='lat' dir='ltr'><strong><em>potest.</em></strong></span> <span class='ocrx_word' id='word_1_28' title='bbox 1327 643 1394 704; x_wconf 89' lang='lat' dir='ltr'><strong><em>Sed</em></strong></span> 
     </span>
     <span class='ocr_line' id='line_1_4' title="bbox 64 732 1599 817; baseline -0.001 -17"><span class='ocrx_word' id='word_1_29' title='bbox 64 736 223 800; x_wconf 66' lang='lat' dir='ltr'><strong><em>audieruut.</em></strong></span> <span class='ocrx_word' id='word_1_30' title='bbox 242 732 370 816; x_wconf 82' lang='lat' dir='ltr'><strong><em>ipsum:</em></strong></span> <span class='ocrx_word' id='word_1_31' title='bbox 397 733 712 817; x_wconf 81' lang='lat' dir='ltr'><strong><em>Compensabatur,</em></strong></span> <span class='ocrx_word' id='word_1_32' title='bbox 737 732 856 816; x_wconf 86' lang='lat' dir='ltr'><strong><em>inquit,</em></strong></span> <span class='ocrx_word' id='word_1_33' title='bbox 880 736 1014 797; x_wconf 84' lang='lat' dir='ltr'><strong><em>tamen³</em></strong></span> <span class='ocrx_word' id='word_1_34' title='bbox 1044 757 1123 797; x_wconf 91' lang='lat' dir='ltr'><strong><em>cum</em></strong></span> <span class='ocrx_word' id='word_1_35' title='bbox 1151 736 1206 799; x_wconf 83' lang='lat' dir='ltr'><strong><em>bis</em></strong></span> <span class='ocrx_word' id='word_1_36' title='bbox 1231 735 1389 799; x_wconf 84' lang='lat' dir='ltr'><strong><em>omnibus</em></strong></span> <span class='ocrx_word' id='word_1_37' title='bbox 1447 802 1451 817; x_wconf 72' lang='lat'><strong><em>.</em></strong></span> <span class='ocrx_word' id='word_1_38' title='bbox 1560 734 1599 799; x_wconf 53' lang='lat' dir='ltr'><strong><em>‘a</em></strong></span> 
     </span>
     <span class='ocr_line' id='line_1_5' title="bbox 65 822 1486 915; baseline -0.001 -22"><span class='ocrx_word' id='word_1_39' title='bbox 65 830 164 893; x_wconf 87' lang='lat' dir='ltr'><strong><em>animi</em></strong></span> <span class='ocrx_word' id='word_1_40' title='bbox 187 829 341 907; x_wconf 60' lang='lat' dir='ltr'><strong><em>laeana,</em></strong></span> <span class='ocrx_word' id='word_1_41' title='bbox 366 851 471 915; x_wconf 82' lang='lat' dir='ltr'><strong><em>quom</em></strong></span> <span class='ocrx_word' id='word_1_42' title='bbox 497 828 674 903; x_wconf 77' lang='lat' dir='ltr'><strong><em>capiebam</em></strong></span> <span class='ocrx_word' id='word_1_43' title='bbox 698 827 888 891; x_wconf 67' lang='lat' dir='ltr'><strong><em>memoria*</em></strong></span> <span class='ocrx_word' id='word_1_44' title='bbox 913 829 1091 895; x_wconf 86' lang='lat' dir='ltr'><strong><em>rationum</em></strong></span> <span class='ocrx_word' id='word_1_45' title='bbox 1106 831 1389 914; x_wconf 86' lang='lat' dir='ltr'><strong><em>inventorumque</em></strong></span> <span class='ocrx_word' id='word_1_46' title='bbox 1483 822 1486 830; x_wconf 73' lang='grc'>’</span> 
     </span>
     <span class='ocr_line' id='line_1_6' title="bbox 64 921 1389 1008; baseline 0.002 -22"><span class='ocrx_word' id='word_1_47' title='bbox 64 935 266 988; x_wconf 85' lang='lat' dir='ltr'><strong><em>nostrorum.</em></strong></span> <span class='ocrx_word' id='word_1_48' title='bbox 289 923 358 989; x_wconf 81' lang='lat' dir='ltr'><strong><em>Sed</em></strong></span> <span class='ocrx_word' id='word_1_49' title='bbox 372 935 421 998; x_wconf 87' lang='lat' dir='ltr'><strong><em>tu,</em></strong></span> <span class='ocrx_word' id='word_1_50' title='bbox 435 934 475 986; x_wconf 88' lang='lat' dir='ltr'><strong><em>ut</em></strong></span> <span class='ocrx_word' id='word_1_51' title='bbox 488 921 635 1004; x_wconf 80' lang='lat' dir='ltr'><strong><em>dignum</em></strong></span> <span class='ocrx_word' id='word_1_52' title='bbox 646 933 863 1007; x_wconf 84' lang='lat' dir='ltr'><strong><em>esttuaerga</em></strong></span> <span class='ocrx_word' id='word_1_53' title='bbox 876 938 968 989; x_wconf 88' lang='lat' dir='ltr'><strong><em>meet</em></strong></span> <span class='ocrx_word' id='word_1_54' title='bbox 977 947 1065 1008; x_wconf 81' lang='lat' dir='ltr'><strong><em>erga</em></strong></span> <span class='ocrx_word' id='word_1_55' title='bbox 1067 925 1324 1008; x_wconf 79' lang='lat' dir='ltr'><strong><em>philosophiam</em></strong></span> <span class='ocrx_word' id='word_1_56' title='bbox 1333 946 1389 1001; x_wconf 55' lang='lat' dir='ltr'><strong><em>no,-</em></strong></span> 
     </span>
     <span class='ocr_line' id='line_1_7' title="bbox 63 1013 1449 1105; baseline 0.001 -23"><span class='ocrx_word' id='word_1_57' title='bbox 63 1018 237 1082; x_wconf 75' lang='lat' dir='ltr'><strong><em>tentarent</em></strong></span> <span class='ocrx_word' id='word_1_58' title='bbox 251 1017 526 1083; x_wconf 81' lang='lat' dir='ltr'><strong><em>adolescentulo⁵</em></strong></span> <span class='ocrx_word' id='word_1_59' title='bbox 543 1013 820 1105; x_wconf 82' lang='lat' dir='ltr'><strong><em>suscepta,fac,</em></strong></span> <span class='ocrx_word' id='word_1_60' title='bbox 837 1026 881 1081; x_wconf 75' lang='lat' dir='ltr'><strong><em>ut¹</em></strong></span> <span class='ocrx_word' id='word_1_61' title='bbox 893 1020 1094 1084; x_wconf 80' lang='lat' dir='ltr'><strong><em>Metrodori</em></strong></span> <span class='ocrx_word' id='word_1_62' title='bbox 1113 1030 1231 1081; x_wconf 87' lang='lat' dir='ltr'><strong><em>tueare</em></strong></span> <span class='ocrx_word' id='word_1_63' title='bbox 1248 1017 1388 1083; x_wconf 81' lang='lat' dir='ltr'><strong><em>liberos.</em></strong></span> <span class='ocrx_word' id='word_1_64' title='bbox 1447 1044 1449 1055; x_wconf 92' lang='lat'>·</span> 
     </span>
     <span class='ocr_line' id='line_1_8' title="bbox 63 1109 1389 1200; baseline -0.002 -23"><span class='ocrx_word' id='word_1_65' title='bbox 63 1114 111 1178; x_wconf 84' lang='grc'><strong><em>97.</em></strong></span> <span class='ocrx_word' id='word_1_66' title='bbox 122 1113 199 1175; x_wconf 89' lang='lat' dir='ltr'><strong><em>Non</em></strong></span> <span class='ocrx_word' id='word_1_67' title='bbox 208 1133 273 1200; x_wconf 79' lang='lat' dir='ltr'><strong><em>ego</em></strong></span> <span class='ocrx_word' id='word_1_68' title='bbox 281 1111 342 1175; x_wconf 82' lang='lat' dir='ltr'><strong><em>iant</em></strong></span> <span class='ocrx_word' id='word_1_69' title='bbox 351 1111 601 1194; x_wconf 80' lang='lat' dir='ltr'><strong><em>Epaminondae,</em></strong></span> <span class='ocrx_word' id='word_1_70' title='bbox 612 1133 676 1181; x_wconf 86' lang='lat' dir='ltr'><strong><em>non</em></strong></span> <span class='ocrx_word' id='word_1_71' title='bbox 686 1109 850 1175; x_wconf 80' lang='lat' dir='ltr'><strong><em>Leonidae</em></strong></span> <span class='ocrx_word' id='word_1_72' title='bbox 858 1125 993 1176; x_wconf 92' lang='lat' dir='ltr'><strong><em>mortem</em></strong></span> <span class='ocrx_word' id='word_1_73' title='bbox 1001 1114 1093 1176; x_wconf 89' lang='lat' dir='ltr'><strong><em>huius</em></strong></span> <span class='ocrx_word' id='word_1_74' title='bbox 1102 1111 1198 1175; x_wconf 88' lang='lat' dir='ltr'><strong><em>morti</em></strong></span> <span class='ocrx_word' id='word_1_75' title='bbox 1207 1123 1368 1194; x_wconf 77' lang='lat' dir='ltr'><strong><em>antepono</em></strong></span> <span class='ocrx_word' id='word_1_76' title='bbox 1380 1115 1389 1174; x_wconf 80' lang='lat' dir='ltr'><strong><em>l</em></strong></span> 
     </span>
     <span class='ocr_line' id='line_1_9' title="bbox 64 1205 1391 1291; baseline -0.001 -21"><span class='ocrx_word' id='word_1_77' title='bbox 64 1229 190 1291; x_wconf 88' lang='lat' dir='ltr'><strong><em>qnorum</em></strong></span> <span class='ocrx_word' id='word_1_78' title='bbox 206 1208 290 1271; x_wconf 88' lang='lat' dir='ltr'><strong><em>alter</em></strong></span> <span class='ocrx_word' id='word_1_79' title='bbox 306 1229 402 1291; x_wconf 89' lang='lat' dir='ltr'><strong><em>quum</em></strong></span> <span class='ocrx_word' id='word_1_80' title='bbox 415 1206 544 1271; x_wconf 79' lang='lat' dir='ltr'><strong><em>vicisset</em></strong></span> <span class='ocrx_word' id='word_1_81' title='bbox 559 1205 834 1270; x_wconf 85' lang='lat' dir='ltr'><strong><em>Lacedaemonios</em></strong></span> <span class='ocrx_word' id='word_1_82' title='bbox 850 1209 935 1289; x_wconf 91' lang='lat' dir='ltr'><strong><em>apud</em></strong></span> <span class='ocrx_word' id='word_1_83' title='bbox 950 1207 1164 1282; x_wconf 79' lang='lat' dir='ltr'><strong><em>Mantineam,</em></strong></span> <span class='ocrx_word' id='word_1_84' title='bbox 1189 1209 1305 1290; x_wconf 76' lang='lat' dir='ltr'><strong><em>atque⁶</em></strong></span> <span class='ocrx_word' id='word_1_85' title='bbox 1319 1207 1391 1290; x_wconf 89' lang='lat' dir='ltr'><strong><em>ipse</em></strong></span> 
     </span>
     <span class='ocr_line' id='line_1_10' title="bbox 63 1298 1392 1387; baseline -0.002 -23"><span class='ocrx_word' id='word_1_86' title='bbox 63 1301 148 1387; x_wconf 72' lang='lat' dir='ltr'><strong><em>graui</em></strong></span> <span class='ocrx_word' id='word_1_87' title='bbox 157 1300 292 1364; x_wconf 86' lang='lat' dir='ltr'><strong><em>vulnere</em></strong></span> <span class='ocrx_word' id='word_1_88' title='bbox 306 1300 479 1365; x_wconf 83' lang='lat' dir='ltr'><strong><em>exanimari</em></strong></span> <span class='ocrx_word' id='word_1_89' title='bbox 492 1321 527 1362; x_wconf 87' lang='lat' dir='ltr'><strong><em>se</em></strong></span> <span class='ocrx_word' id='word_1_90' title='bbox 539 1298 699 1372; x_wconf 63' lang='lat' dir='ltr'><strong><em>viderer,</em></strong></span> <span class='ocrx_word' id='word_1_91' title='bbox 719 1300 758 1360; x_wconf 77' lang='lat' dir='ltr'><strong><em>&#39;ut</em></strong></span> <span class='ocrx_word' id='word_1_92' title='bbox 775 1298 913 1380; x_wconf 87' lang='lat' dir='ltr'><strong><em>primum</em></strong></span> <span class='ocrx_word' id='word_1_93' title='bbox 936 1300 1073 1382; x_wconf 86' lang='lat' dir='ltr'><strong><em>dispexit</em></strong></span> <span class='ocrx_word' id='word_1_94' title='bbox 1081 1301 1105 1376; x_wconf 78' lang='lat'><strong><em>⁸,</em></strong></span> <span class='ocrx_word' id='word_1_95' title='bbox 1123 1301 1297 1384; x_wconf 86' lang='lat' dir='ltr'><strong><em>quaesivit,</em></strong></span> <span class='ocrx_word' id='word_1_96' title='bbox 1325 1301 1392 1363; x_wconf 86' lang='lat' dir='ltr'><strong><em>sal-</em></strong></span> 
     </span>
     <span class='ocr_line' id='line_1_11' title="bbox 63 1393 1390 1479; baseline -0.003 -19"><span class='ocrx_word' id='word_1_97' title='bbox 63 1415 153 1460; x_wconf 84' lang='lat' dir='ltr'><strong><em>vusne</em></strong></span> <span class='ocrx_word' id='word_1_98' title='bbox 165 1408 247 1461; x_wconf 88' lang='lat' dir='ltr'><strong><em>esset</em></strong></span> <span class='ocrx_word' id='word_1_99' title='bbox 260 1393 418 1477; x_wconf 82' lang='lat' dir='ltr'><strong><em>clypeus?</em></strong></span> <span class='ocrx_word' id='word_1_100' title='bbox 444 1394 550 1474; x_wconf 87' lang='lat' dir='ltr'><strong><em>Quum</em></strong></span> <span class='ocrx_word' id='word_1_101' title='bbox 561 1396 683 1457; x_wconf 85' lang='lat' dir='ltr'><strong><em>salvum</em></strong></span> <span class='ocrx_word' id='word_1_102' title='bbox 696 1413 765 1456; x_wconf 82' lang='lat' dir='ltr'><strong><em>esse</em></strong></span> <span class='ocrx_word' id='word_1_103' title='bbox 776 1393 888 1456; x_wconf 82' lang='lat' dir='ltr'><strong><em>flentes</em></strong></span> <span class='ocrx_word' id='word_1_104' title='bbox 901 1394 949 1457; x_wconf 91' lang='lat' dir='ltr'><strong><em>sui</em></strong></span> <span class='ocrx_word' id='word_1_105' title='bbox 961 1394 1222 1475; x_wconf 81' lang='lat' dir='ltr'><strong><em>respondissent:</em></strong></span> <span class='ocrx_word' id='word_1_106' title='bbox 1244 1393 1390 1479; x_wconf 81' lang='lat' dir='ltr'><strong><em>rogarit,</em></strong></span> 
     </span>
     <span class='ocr_line' id='line_1_12' title="bbox 63 1485 1391 1579; baseline -0.002 -24"><span class='ocrx_word' id='word_1_107' title='bbox 63 1502 198 1579; x_wconf 79' lang='lat' dir='ltr'><strong><em>essentne</em></strong></span> <span class='ocrx_word' id='word_1_108' title='bbox 207 1489 275 1555; x_wconf 83' lang='lat' dir='ltr'><strong><em>lhsi</em></strong></span> <span class='ocrx_word' id='word_1_109' title='bbox 283 1486 417 1553; x_wconf 82' lang='lat' dir='ltr'><strong><em>hostes?</em></strong></span> <span class='ocrx_word' id='word_1_110' title='bbox 429 1489 533 1568; x_wconf 80' lang='lat' dir='ltr'><strong><em>Qsttsm</em></strong></span> <span class='ocrx_word' id='word_1_111' title='bbox 543 1488 595 1549; x_wconf 81' lang='lat' dir='ltr'><strong><em>⁹id</em></strong></span> <span class='ocrx_word' id='word_1_112' title='bbox 607 1508 749 1572; x_wconf 89' lang='lat' dir='ltr'><strong><em>quoque,</em></strong></span> <span class='ocrx_word' id='word_1_113' title='bbox 760 1497 796 1549; x_wconf 90' lang='lat' dir='ltr'><strong><em>ut</em></strong></span> <span class='ocrx_word' id='word_1_114' title='bbox 807 1485 973 1568; x_wconf 88' lang='lat' dir='ltr'><strong><em>cupiebat,</em></strong></span> <span class='ocrx_word' id='word_1_115' title='bbox 988 1488 1177 1564; x_wconf 84' lang='lat' dir='ltr'><strong><em>audivisset,</em></strong></span> <span class='ocrx_word' id='word_1_116' title='bbox 1192 1488 1287 1551; x_wconf 85' lang='lat' dir='ltr'><strong><em>evelli</em></strong></span> <span class='ocrx_word' id='word_1_117' title='bbox 1296 1486 1391 1553; x_wconf 85' lang='lat' dir='ltr'><strong><em>iussit</em></strong></span> 
     </span>
    </p>

    <p class='ocr_par' dir='ltr' id='par_1_3' title="bbox 64 1579 1390 1669">
     <span class='ocr_line' id='line_1_13' title="bbox 64 1579 1390 1669; baseline -0.002 -22"><span class='ocrx_word' id='word_1_118' title='bbox 64 1606 141 1661; x_wconf 86' lang='lat' dir='ltr'><strong><em>eam,</em></strong></span> <span class='ocrx_word' id='word_1_119' title='bbox 165 1605 226 1669; x_wconf 85' lang='lat' dir='ltr'><strong><em>qua</em></strong></span> <span class='ocrx_word' id='word_1_120' title='bbox 250 1593 319 1647; x_wconf 89' lang='lat' dir='ltr'><strong><em>erat</em></strong></span> <span class='ocrx_word' id='word_1_121' title='bbox 329 1582 504 1645; x_wconf 84' lang='lat' dir='ltr'><strong><em>transfixus</em></strong></span> <span class='ocrx_word' id='word_1_122' title='bbox 513 1583 553 1658; x_wconf 51' lang='lat'><strong><em>¹¹⁰,</em></strong></span> <span class='ocrx_word' id='word_1_123' title='bbox 565 1583 709 1654; x_wconf 86' lang='lat' dir='ltr'><strong><em>hastam.</em></strong></span> <span class='ocrx_word' id='word_1_124' title='bbox 735 1579 786 1643; x_wconf 88' lang='lat' dir='ltr'><strong><em>Ita</em></strong></span> <span class='ocrx_word' id='word_1_125' title='bbox 801 1581 901 1645; x_wconf 90' lang='lat' dir='ltr'><strong><em>multo</em></strong></span> <span class='ocrx_word' id='word_1_126' title='bbox 920 1583 1073 1666; x_wconf 84' lang='lat' dir='ltr'><strong><em>sanguine</em></strong></span> <span class='ocrx_word' id='word_1_127' title='bbox 1091 1581 1250 1664; x_wconf 83' lang='lat' dir='ltr'><strong><em>prnfnso,</em></strong></span> <span class='ocrx_word' id='word_1_128' title='bbox 1272 1581 1305 1644; x_wconf 92' lang='lat' dir='ltr'><strong><em>in</em></strong></span> <span class='ocrx_word' id='word_1_129' title='bbox 1324 1583 1390 1646; x_wconf 85' lang='lat' dir='ltr'><strong><em>lae·</em></strong></span> 
     </span>
    </p>

    <p class='ocr_par' dir='ltr' id='par_1_4' title="bbox 63 1673 1395 1752">
     <span class='ocr_line' id='line_1_14' title="bbox 63 1673 1395 1752; baseline 0 -12"><span class='ocrx_word' id='word_1_130' title='bbox 63 1678 125 1742; x_wconf 84' lang='lat' dir='ltr'><strong><em>titia</em></strong></span> <span class='ocrx_word' id='word_1_131' title='bbox 146 1677 225 1742; x_wconf 88' lang='lat' dir='ltr'><strong><em>etin</em></strong></span> <span class='ocrx_word' id='word_1_132' title='bbox 247 1675 385 1740; x_wconf 86' lang='lat' dir='ltr'><strong><em>victoria</em></strong></span> <span class='ocrx_word' id='word_1_133' title='bbox 409 1687 458 1739; x_wconf 88' lang='lat' dir='ltr'><strong><em>est</em></strong></span> <span class='ocrx_word' id='word_1_134' title='bbox 481 1687 638 1739; x_wconf 89' lang='lat' dir='ltr'><strong><em>mortuus.</em></strong></span> <span class='ocrx_word' id='word_1_135' title='bbox 682 1673 846 1737; x_wconf 88' lang='lat' dir='ltr'><strong><em>Leonidas&#39;</em></strong></span> <span class='ocrx_word' id='word_1_136' title='bbox 876 1687 1001 1752; x_wconf 88' lang='lat' dir='ltr'><strong><em>autem,</em></strong></span> <span class='ocrx_word' id='word_1_137' title='bbox 1026 1698 1084 1739; x_wconf 87' lang='lat' dir='ltr'><strong><em>rex</em></strong></span> <span class='ocrx_word' id='word_1_138' title='bbox 1116 1675 1395 1751; x_wconf 57' lang='lat' dir='ltr'><strong><em>Lacedaemonio&lt;</em></strong></span> 
     </span>
    </p>

    <p class='ocr_par' dir='ltr' id='par_1_5' title="bbox 26 1770 1391 2235">
     <span class='ocr_line' id='line_1_15' title="bbox 26 1770 1391 1855; baseline -0.002 -20"><span class='ocrx_word' id='word_1_139' title='bbox 26 1842 28 1851; x_wconf 25' lang='lat'><strong>¹</strong></span> <span class='ocrx_word' id='word_1_140' title='bbox 64 1794 142 1849; x_wconf 85' lang='lat' dir='ltr'><strong><em>rum,</em></strong></span> <span class='ocrx_word' id='word_1_141' title='bbox 166 1794 200 1845; x_wconf 83' lang='lat' dir='ltr'><strong><em>se</em></strong></span> <span class='ocrx_word' id='word_1_142' title='bbox 210 1771 243 1833; x_wconf 92' lang='lat' dir='ltr'><strong><em>in</em></strong></span> <span class='ocrx_word' id='word_1_143' title='bbox 258 1770 507 1851; x_wconf 83' lang='lat' dir='ltr'><strong><em>Thermopylis,</em></strong></span> <span class='ocrx_word' id='word_1_144' title='bbox 531 1781 758 1854; x_wconf 87' lang='lat' dir='ltr'><strong><em>trecentosque</em></strong></span> <span class='ocrx_word' id='word_1_145' title='bbox 771 1790 848 1845; x_wconf 86' lang='lat' dir='ltr'><strong><em>eos,</em></strong></span> <span class='ocrx_word' id='word_1_146' title='bbox 873 1791 955 1854; x_wconf 88' lang='lat' dir='ltr'><strong><em>quos</em></strong></span> <span class='ocrx_word' id='word_1_147' title='bbox 971 1774 1124 1834; x_wconf 79' lang='lat' dir='ltr'><strong><em>eduxerat</em></strong></span> <span class='ocrx_word' id='word_1_148' title='bbox 1139 1770 1267 1853; x_wconf 86' lang='lat' dir='ltr'><strong><em>Sparta,</em></strong></span> <span class='ocrx_word' id='word_1_149' title='bbox 1293 1792 1391 1855; x_wconf 89' lang='lat' dir='ltr'><strong><em>quum</em></strong></span> 
     </span>
     <span class='ocr_line' id='line_1_16' title="bbox 65 1863 1390 1949; baseline -0.002 -18"><span class='ocrx_word' id='word_1_150' title='bbox 65 1878 137 1937; x_wconf 82' lang='lat' dir='ltr'><strong><em>esset</em></strong></span> <span class='ocrx_word' id='word_1_151' title='bbox 152 1866 324 1949; x_wconf 88' lang='lat' dir='ltr'><strong><em>proposita</em></strong></span> <span class='ocrx_word' id='word_1_152' title='bbox 347 1877 401 1927; x_wconf 89' lang='lat' dir='ltr'><strong><em>ant</em></strong></span> <span class='ocrx_word' id='word_1_153' title='bbox 421 1865 502 1949; x_wconf 83' lang='lat' dir='ltr'><strong><em>fuga</em></strong></span> <span class='ocrx_word' id='word_1_154' title='bbox 527 1863 649 1947; x_wconf 88' lang='lat' dir='ltr'><strong><em>turpis,</em></strong></span> <span class='ocrx_word' id='word_1_155' title='bbox 675 1875 728 1925; x_wconf 87' lang='lat' dir='ltr'><strong><em>aut</em></strong></span> <span class='ocrx_word' id='word_1_156' title='bbox 744 1863 896 1948; x_wconf 73' lang='lat' dir='ltr'><strong><em>gloriosa</em></strong></span> <span class='ocrx_word' id='word_1_157' title='bbox 921 1887 1027 1943; x_wconf 87' lang='lat' dir='ltr'><strong><em>mors,</em></strong></span> <span class='ocrx_word' id='word_1_158' title='bbox 1053 1865 1208 1949; x_wconf 90' lang='lat' dir='ltr'><strong><em>opposuit</em></strong></span> <span class='ocrx_word' id='word_1_159' title='bbox 1229 1865 1390 1943; x_wconf 83' lang='lat' dir='ltr'><strong><em>hostibus.</em></strong></span> 
     </span>
     <span class='ocr_line' id='line_1_17' title="bbox 64 1956 1390 2041; baseline -0.002 -17"><span class='ocrx_word' id='word_1_160' title='bbox 64 1962 244 2025; x_wconf 86' lang='lat' dir='ltr'><strong><em>Praeclarae</em></strong></span> <span class='ocrx_word' id='word_1_161' title='bbox 258 1973 379 2025; x_wconf 89' lang='lat' dir='ltr'><strong><em>mortes</em></strong></span> <span class='ocrx_word' id='word_1_162' title='bbox 394 1971 467 2023; x_wconf 72' lang='lat' dir='ltr'><strong><em>stent</em></strong></span> <span class='ocrx_word' id='word_1_163' title='bbox 478 1956 706 2041; x_wconf 81' lang='lat' dir='ltr'><strong><em>&#39;imperatoriae</em></strong></span> <span class='ocrx_word' id='word_1_164' title='bbox 717 1978 725 2018; x_wconf 73' lang='grc' dir='ltr'>ε</span> <span class='ocrx_word' id='word_1_165' title='bbox 738 1956 922 2040; x_wconf 83' lang='lat' dir='ltr'><strong><em>philosophi</em></strong></span> <span class='ocrx_word' id='word_1_166' title='bbox 939 1971 1043 2023; x_wconf 86' lang='lat' dir='ltr'><strong><em>autem</em></strong></span> <span class='ocrx_word' id='word_1_167' title='bbox 1052 1959 1084 2021; x_wconf 91' lang='lat' dir='ltr'><strong><em>in</em></strong></span> <span class='ocrx_word' id='word_1_168' title='bbox 1100 1959 1166 2023; x_wconf 89' lang='lat' dir='ltr'><strong><em>suis</em></strong></span> <span class='ocrx_word' id='word_1_169' title='bbox 1180 1959 1305 2023; x_wconf 89' lang='lat' dir='ltr'><strong><em>lectulis</em></strong></span> <span class='ocrx_word' id='word_1_170' title='bbox 1319 1957 1390 2041; x_wconf 89' lang='lat' dir='ltr'><strong><em>ple·</em></strong></span> 
     </span>
     <span class='ocr_line' id='line_1_18' title="bbox 64 2048 1391 2141; baseline -0.002 -24"><span class='ocrx_word' id='word_1_171' title='bbox 64 2077 188 2141; x_wconf 80' lang='lat' dir='ltr'><strong><em>rumque</em></strong></span> <span class='ocrx_word' id='word_1_172' title='bbox 208 2054 405 2121; x_wconf 60' lang='lat' dir='ltr'><strong><em>medanta</em></strong></span> <span class='ocrx_word' id='word_1_173' title='bbox 449 2052 572 2118; x_wconf 74' lang='lat' dir='ltr'><strong><em>Refert</em></strong></span> <span class='ocrx_word' id='word_1_174' title='bbox 592 2055 747 2131; x_wconf 64' lang='lat' dir='ltr'><strong><em>ausast,</em></strong></span> <span class='ocrx_word' id='word_1_175' title='bbox 771 2058 859 2139; x_wconf 88' lang='lat' dir='ltr'><strong><em>quod</em></strong></span> <span class='ocrx_word' id='word_1_176' title='bbox 883 2054 946 2118; x_wconf 88' lang='lat' dir='ltr'><strong><em>sihi</em></strong></span> <span class='ocrx_word' id='word_1_177' title='bbox 971 2048 1131 2119; x_wconf 72' lang='lat' dir='ltr'><strong><em>videtur¹2</em></strong></span> <span class='ocrx_word' id='word_1_178' title='bbox 1152 2074 1222 2117; x_wconf 88' lang='lat' dir='ltr'><strong><em>esse</em></strong></span> <span class='ocrx_word' id='word_1_179' title='bbox 1243 2051 1391 2118; x_wconf 89' lang='lat' dir='ltr'><strong><em>morienti</em></strong></span> 
     </span>
     <span class='ocr_line' id='line_1_19' title="bbox 66 2146 1389 2235; baseline -0.007 -16"><span class='ocrx_word' id='word_1_180' title='bbox 66 2171 167 2235; x_wconf 80' lang='lat' dir='ltr'><strong><em>magna</em></strong></span> <span class='ocrx_word' id='word_1_181' title='bbox 184 2151 276 2215; x_wconf 86' lang='lat' dir='ltr'><strong><em>laus:</em></strong></span> <span class='ocrx_word' id='word_1_182' title='bbox 299 2149 613 2232; x_wconf 65' lang='lat' dir='ltr'><strong><em>compensabatur,</em></strong></span> <span class='ocrx_word' id='word_1_183' title='bbox 637 2146 758 2232; x_wconf 89' lang='lat' dir='ltr'><strong><em>inquit,</em></strong></span> <span class='ocrx_word' id='word_1_184' title='bbox 782 2171 861 2212; x_wconf 79' lang='lat' dir='ltr'><strong><em>essm</em></strong></span> <span class='ocrx_word' id='word_1_185' title='bbox 881 2146 1026 2219; x_wconf 78' lang='lat' dir='ltr'><strong><em>summis</em></strong></span> <span class='ocrx_word' id='word_1_186' title='bbox 1041 2148 1220 2213; x_wconf 78' lang='lat' dir='ltr'><strong><em>doloribus</em></strong></span> <span class='ocrx_word' id='word_1_187' title='bbox 1241 2147 1389 2213; x_wconf 81' lang='lat' dir='ltr'><strong><em>laetitia.</em></strong></span> 
     </span>
    </p>

    <p class='ocr_par' dir='ltr' id='par_1_6' title="bbox 65 2241 1476 2890">
     <span class='ocr_line' id='line_1_20' title="bbox 65 2241 1476 2330; baseline -0.004 -21"><span class='ocrx_word' id='word_1_188' title='bbox 65 2245 111 2309; x_wconf 87' lang='grc'><strong><em>98.</em></strong></span> <span class='ocrx_word' id='word_1_189' title='bbox 133 2243 240 2313; x_wconf 81' lang='lat' dir='ltr'><strong><em>Atidio</em></strong></span> <span class='ocrx_word' id='word_1_190' title='bbox 261 2244 404 2327; x_wconf 86' lang='lat' dir='ltr'><strong><em>equidem</em></strong></span> <span class='ocrx_word' id='word_1_191' title='bbox 419 2241 605 2325; x_wconf 86' lang='lat' dir='ltr'><strong><em>philosophi</em></strong></span> <span class='ocrx_word' id='word_1_192' title='bbox 619 2263 752 2319; x_wconf 88' lang='lat' dir='ltr'><strong><em>vocem,</em></strong></span> <span class='ocrx_word' id='word_1_193' title='bbox 778 2244 932 2325; x_wconf 82' lang='lat' dir='ltr'><strong><em>Epicure.</em></strong></span> <span class='ocrx_word' id='word_1_194' title='bbox 979 2245 1043 2307; x_wconf 85' lang='lat' dir='ltr'><strong><em>Sed</em></strong></span> <span class='ocrx_word' id='word_1_195' title='bbox 1057 2244 1134 2330; x_wconf 86' lang='lat' dir='ltr'><strong><em>quid</em></strong></span> <span class='ocrx_word' id='word_1_196' title='bbox 1150 2241 1209 2309; x_wconf 91' lang='lat' dir='ltr'><strong><em>tihi</em></strong></span> <span class='ocrx_word' id='word_1_197' title='bbox 1225 2241 1391 2304; x_wconf 83' lang='lat' dir='ltr'><strong><em>dicendum</em></strong></span> <span class='ocrx_word' id='word_1_198' title='bbox 1474 2291 1476 2294; x_wconf 42' lang='lat'>&lt;</span> 
     </span>
     <span class='ocr_line' id='line_1_21' title="bbox 66 2335 1391 2423; baseline -0.002 -21"><span class='ocrx_word' id='word_1_199' title='bbox 66 2337 116 2415; x_wconf 88' lang='lat' dir='ltr'><strong><em>sit,</em></strong></span> <span class='ocrx_word' id='word_1_200' title='bbox 139 2339 257 2421; x_wconf 80' lang='lat' dir='ltr'><strong><em>oblitus</em></strong></span> <span class='ocrx_word' id='word_1_201' title='bbox 276 2359 343 2402; x_wconf 87' lang='lat' dir='ltr'><strong><em>es..</em></strong></span> <span class='ocrx_word' id='word_1_202' title='bbox 368 2336 512 2401; x_wconf 88' lang='lat' dir='ltr'><strong><em>Primum</em></strong></span> <span class='ocrx_word' id='word_1_203' title='bbox 528 2335 630 2412; x_wconf 90' lang='lat' dir='ltr'><strong><em>enim,</em></strong></span> <span class='ocrx_word' id='word_1_204' title='bbox 654 2335 682 2399; x_wconf 92' lang='lat' dir='ltr'><strong><em>si</em></strong></span> <span class='ocrx_word' id='word_1_205' title='bbox 699 2358 778 2399; x_wconf 88' lang='lat' dir='ltr'><strong><em>vera</em></strong></span> <span class='ocrx_word' id='word_1_206' title='bbox 797 2349 870 2400; x_wconf 85' lang='lat' dir='ltr'><strong><em>sunt</em></strong></span> <span class='ocrx_word' id='word_1_207' title='bbox 888 2358 942 2414; x_wconf 85' lang='lat' dir='ltr'><strong><em>ee,</em></strong></span> <span class='ocrx_word' id='word_1_208' title='bbox 968 2359 1104 2423; x_wconf 89' lang='lat' dir='ltr'><strong><em>quorum</em></strong></span> <span class='ocrx_word' id='word_1_209' title='bbox 1119 2335 1344 2401; x_wconf 83' lang='lat' dir='ltr'><strong><em>recordatione</em></strong></span> <span class='ocrx_word' id='word_1_210' title='bbox 1359 2348 1391 2400; x_wconf 89' lang='lat' dir='ltr'><strong><em>te</em></strong></span> 
     </span>
     <span class='ocr_line' id='line_1_22' title="bbox 67 2430 1392 2518; baseline -0.002 -22"><span class='ocrx_word' id='word_1_211' title='bbox 67 2434 194 2518; x_wconf 79' lang='lat' dir='ltr'><strong><em>gaudere</em></strong></span> <span class='ocrx_word' id='word_1_212' title='bbox 210 2433 310 2508; x_wconf 89' lang='lat' dir='ltr'><strong><em>dicis,</em></strong></span> <span class='ocrx_word' id='word_1_213' title='bbox 334 2433 397 2494; x_wconf 88' lang='lat' dir='ltr'><strong><em>hoe</em></strong></span> <span class='ocrx_word' id='word_1_214' title='bbox 415 2443 483 2506; x_wconf 89' lang='lat' dir='ltr'><strong><em>est,</em></strong></span> <span class='ocrx_word' id='word_1_215' title='bbox 506 2430 534 2494; x_wconf 91' lang='lat' dir='ltr'><strong><em>si</em></strong></span> <span class='ocrx_word' id='word_1_216' title='bbox 549 2451 628 2493; x_wconf 83' lang='lat' dir='ltr'><strong><em>vera</em></strong></span> <span class='ocrx_word' id='word_1_217' title='bbox 650 2432 724 2493; x_wconf 86' lang='lat' dir='ltr'><strong><em>sunt</em></strong></span> <span class='ocrx_word' id='word_1_218' title='bbox 744 2443 798 2493; x_wconf 87' lang='lat' dir='ltr'><strong><em>tua</em></strong></span> <span class='ocrx_word' id='word_1_219' title='bbox 815 2430 936 2514; x_wconf 89' lang='lat' dir='ltr'><strong><em>scripta</em></strong></span> <span class='ocrx_word' id='word_1_220' title='bbox 951 2445 983 2495; x_wconf 87' lang='lat' dir='ltr'><strong><em>et</em></strong></span> <span class='ocrx_word' id='word_1_221' title='bbox 998 2432 1137 2508; x_wconf 86' lang='lat' dir='ltr'><strong><em>inventa,</em></strong></span> <span class='ocrx_word' id='word_1_222' title='bbox 1163 2434 1302 2517; x_wconf 80' lang='lat' dir='ltr'><strong><em>gatrdere</em></strong></span> <span class='ocrx_word' id='word_1_223' title='bbox 1325 2452 1392 2494; x_wconf 88' lang='lat' dir='ltr'><strong><em>non</em></strong></span> 
     </span>
     <span class='ocr_line' id='line_1_23' title="bbox 65 2525 1390 2608; baseline 0 -19"><span class='ocrx_word' id='word_1_224' title='bbox 65 2537 160 2608; x_wconf 84' lang='lat' dir='ltr'><strong><em>potes.</em></strong></span> <span class='ocrx_word' id='word_1_225' title='bbox 204 2527 295 2590; x_wconf 89' lang='lat' dir='ltr'><strong><em>Nihil</em></strong></span> <span class='ocrx_word' id='word_1_226' title='bbox 317 2526 397 2591; x_wconf 89' lang='lat' dir='ltr'><strong><em>enim</em></strong></span> <span class='ocrx_word' id='word_1_227' title='bbox 420 2525 480 2589; x_wconf 86' lang='lat' dir='ltr'><strong><em>iam</em></strong></span> <span class='ocrx_word' id='word_1_228' title='bbox 498 2525 618 2600; x_wconf 86' lang='lat' dir='ltr'><strong><em>habes,</em></strong></span> <span class='ocrx_word' id='word_1_229' title='bbox 635 2526 731 2608; x_wconf 76' lang='lat' dir='ltr'><strong><em>&#39;quod</em></strong></span> <span class='ocrx_word' id='word_1_230' title='bbox 749 2526 789 2587; x_wconf 89' lang='lat' dir='ltr'><strong><em>ad</em></strong></span> <span class='ocrx_word' id='word_1_231' title='bbox 806 2526 1078 2608; x_wconf 76' lang='lat' dir='ltr'><strong><em>corpusteleras.</em></strong></span> <span class='ocrx_word' id='word_1_232' title='bbox 1123 2527 1186 2588; x_wconf 88' lang='lat' dir='ltr'><strong><em>Est</em></strong></span> <span class='ocrx_word' id='word_1_233' title='bbox 1203 2537 1340 2589; x_wconf 86' lang='lat' dir='ltr'><strong><em>autema</em></strong></span> <span class='ocrx_word' id='word_1_234' title='bbox 1359 2536 1390 2589; x_wconf 86' lang='lat' dir='ltr'><strong><em>te</em></strong></span> 
     </span>
     <span class='ocr_line' id='line_1_24' title="bbox 67 2618 1392 2705; baseline -0.001 -23"><span class='ocrx_word' id='word_1_235' title='bbox 67 2641 180 2704; x_wconf 86' lang='lat' dir='ltr'><strong><em>semper</em></strong></span> <span class='ocrx_word' id='word_1_236' title='bbox 208 2621 347 2696; x_wconf 88' lang='lat' dir='ltr'><strong><em>dietum,</em></strong></span> <span class='ocrx_word' id='word_1_237' title='bbox 371 2641 431 2683; x_wconf 89' lang='lat' dir='ltr'><strong><em>nec</em></strong></span> <span class='ocrx_word' id='word_1_238' title='bbox 460 2621 600 2705; x_wconf 84' lang='lat' dir='ltr'><strong><em>gaudere</em></strong></span> <span class='ocrx_word' id='word_1_239' title='bbox 627 2636 837 2703; x_wconf 85' lang='lat' dir='ltr'><strong><em>quemquam,</em></strong></span> <span class='ocrx_word' id='word_1_240' title='bbox 861 2618 921 2683; x_wconf 88' lang='lat' dir='ltr'><strong><em>nisi</em></strong></span> <span class='ocrx_word' id='word_1_241' title='bbox 935 2630 1074 2703; x_wconf 85' lang='lat' dir='ltr'><strong><em>propter</em></strong></span> <span class='ocrx_word' id='word_1_242' title='bbox 1092 2639 1230 2700; x_wconf 89' lang='lat' dir='ltr'><strong><em>corpus,</em></strong></span> <span class='ocrx_word' id='word_1_243' title='bbox 1254 2640 1314 2682; x_wconf 90' lang='lat' dir='ltr'><strong><em>nec</em></strong></span> <span class='ocrx_word' id='word_1_244' title='bbox 1331 2621 1392 2682; x_wconf 90' lang='lat' dir='ltr'><strong><em>do·</em></strong></span> 
     </span>
     <span class='ocr_line' id='line_1_25' title="bbox 67 2711 1392 2799; baseline -0.003 -22"><span class='ocrx_word' id='word_1_245' title='bbox 67 2712 136 2778; x_wconf 86' lang='lat' dir='ltr'><strong><em>lere.</em></strong></span> <span class='ocrx_word' id='word_1_246' title='bbox 177 2713 401 2791; x_wconf 86' lang='lat' dir='ltr'><strong><em>Praeteritis,</em></strong></span> <span class='ocrx_word' id='word_1_247' title='bbox 426 2712 547 2799; x_wconf 89' lang='lat' dir='ltr'><strong><em>inquit,</em></strong></span> <span class='ocrx_word' id='word_1_248' title='bbox 571 2712 723 2798; x_wconf 79' lang='lat' dir='ltr'><strong><em>gaudeo.</em></strong></span> <span class='ocrx_word' id='word_1_249' title='bbox 769 2712 965 2793; x_wconf 85' lang='lat' dir='ltr'><strong><em>Quibusnam</em></strong></span> <span class='ocrx_word' id='word_1_250' title='bbox 983 2711 1192 2795; x_wconf 86' lang='lat' dir='ltr'><strong><em>praeteritis?</em></strong></span> <span class='ocrx_word' id='word_1_251' title='bbox 1216 2713 1244 2776; x_wconf 90' lang='lat' dir='ltr'><strong><em>si</em></strong></span> <span class='ocrx_word' id='word_1_252' title='bbox 1258 2715 1297 2775; x_wconf 82' lang='lat' dir='ltr'><strong><em>ad</em></strong></span> <span class='ocrx_word' id='word_1_253' title='bbox 1315 2733 1392 2776; x_wconf 87' lang='lat' dir='ltr'><strong><em>cor·</em></strong></span> 
     </span>
     <span class='ocr_line' id='line_1_26' title="bbox 67 2805 1389 2890; baseline -0.004 -18"><span class='ocrx_word' id='word_1_254' title='bbox 67 2829 119 2890; x_wconf 88' lang='lat' dir='ltr'><strong><em>pus</em></strong></span> <span class='ocrx_word' id='word_1_255' title='bbox 132 2808 384 2890; x_wconf 87' lang='lat' dir='ltr'><strong><em>pertinentibus,</em></strong></span> <span class='ocrx_word' id='word_1_256' title='bbox 410 2807 549 2872; x_wconf 82' lang='lat' dir='ltr'><strong><em>rationes</em></strong></span> <span class='ocrx_word' id='word_1_257' title='bbox 569 2818 640 2870; x_wconf 86' lang='lat' dir='ltr'><strong><em>tuas</em></strong></span> <span class='ocrx_word' id='word_1_258' title='bbox 653 2819 684 2870; x_wconf 90' lang='lat' dir='ltr'><strong><em>te</em></strong></span> <span class='ocrx_word' id='word_1_259' title='bbox 699 2806 795 2871; x_wconf 87' lang='lat' dir='ltr'><strong><em>video</em></strong></span> <span class='ocrx_word' id='word_1_260' title='bbox 812 2827 1022 2890; x_wconf 87' lang='lat' dir='ltr'><strong><em>compensare</em></strong></span> <span class='ocrx_word' id='word_1_261' title='bbox 1038 2827 1108 2868; x_wconf 91' lang='lat' dir='ltr'><strong><em>cum</em></strong></span> <span class='ocrx_word' id='word_1_262' title='bbox 1124 2806 1192 2869; x_wconf 86' lang='lat' dir='ltr'><strong><em>istis</em></strong></span> <span class='ocrx_word' id='word_1_263' title='bbox 1209 2805 1389 2881; x_wconf 87' lang='lat' dir='ltr'><strong><em>doloribus,</em></strong></span> 
     </span>
    </p>

    <p class='ocr_par' dir='ltr' id='par_1_7' title="bbox 31 2899 1394 3270">
     <span class='ocr_line' id='line_1_27' title="bbox 31 2899 1392 2984; baseline 0 -23"><span class='ocrx_word' id='word_1_264' title='bbox 31 2956 34 2961; x_wconf 47' lang='lat'><strong><em>.</em></strong></span> <span class='ocrx_word' id='word_1_265' title='bbox 68 2920 123 2967; x_wconf 87' lang='lat' dir='ltr'><strong><em>nnn</em></strong></span> <span class='ocrx_word' id='word_1_266' title='bbox 135 2902 320 2969; x_wconf 83' lang='lat' dir='ltr'><strong><em>memoriam</em></strong></span> <span class='ocrx_word' id='word_1_267' title='bbox 335 2922 476 2984; x_wconf 87' lang='lat' dir='ltr'><strong><em>corpore</em></strong></span> <span class='ocrx_word' id='word_1_268' title='bbox 488 2912 711 2983; x_wconf 81' lang='lat' dir='ltr'><strong><em>perceptarum</em></strong></span> <span class='ocrx_word' id='word_1_269' title='bbox 727 2901 941 2983; x_wconf 87' lang='lat' dir='ltr'><strong><em>voluptatum.</em></strong></span> <span class='ocrx_word' id='word_1_270' title='bbox 967 2900 1057 2963; x_wconf 68' lang='grc' dir='ltr'><strong><em>ὃίιι13</em></strong></span> <span class='ocrx_word' id='word_1_271' title='bbox 1070 2899 1392 2973; x_wconf 81' lang='lat' dir='ltr'><strong><em>autem&#39;adanimum3</em></strong></span> 
     </span>
     <span class='ocr_line' id='line_1_28' title="bbox 68 2993 1392 3081; baseline -0.001 -24"><span class='ocrx_word' id='word_1_272' title='bbox 68 2993 169 3060; x_wconf 87' lang='lat' dir='ltr'><strong><em>lalsutn</em></strong></span> <span class='ocrx_word' id='word_1_273' title='bbox 183 3009 252 3072; x_wconf 85' lang='lat' dir='ltr'><strong><em>est,</em></strong></span> <span class='ocrx_word' id='word_1_274' title='bbox 278 2998 367 3080; x_wconf 89' lang='lat' dir='ltr'><strong><em>quod</em></strong></span> <span class='ocrx_word' id='word_1_275' title='bbox 377 3017 475 3081; x_wconf 82' lang='lat' dir='ltr'><strong><em>negas</em></strong></span> <span class='ocrx_word' id='word_1_276' title='bbox 484 2995 585 3061; x_wconf 84' lang='lat' dir='ltr'><strong><em>animi</em></strong></span> <span class='ocrx_word' id='word_1_277' title='bbox 598 2995 694 3058; x_wconf 90' lang='lat' dir='ltr'><strong><em>ullum</em></strong></span> <span class='ocrx_word' id='word_1_278' title='bbox 712 3015 781 3059; x_wconf 88' lang='lat' dir='ltr'><strong><em>esse</em></strong></span> <span class='ocrx_word' id='word_1_279' title='bbox 800 2994 968 3080; x_wconf 82' lang='lat' dir='ltr'><strong><em>gaudium,</em></strong></span> <span class='ocrx_word' id='word_1_280' title='bbox 991 2997 1079 3079; x_wconf 90' lang='lat' dir='ltr'><strong><em>quod</em></strong></span> <span class='ocrx_word' id='word_1_281' title='bbox 1094 3014 1159 3058; x_wconf 89' lang='lat' dir='ltr'><strong><em>non</em></strong></span> <span class='ocrx_word' id='word_1_282' title='bbox 1174 2993 1336 3058; x_wconf 82' lang='lat' dir='ltr'><strong><em>reseratur</em></strong></span> <span class='ocrx_word' id='word_1_283' title='bbox 1352 2996 1392 3056; x_wconf 87' lang='lat' dir='ltr'><strong><em>ad</em></strong></span> 
     </span>
     <span class='ocr_line' id='line_1_29' title="bbox 68 3087 1392 3172; baseline 0.002 -21"><span class='ocrx_word' id='word_1_284' title='bbox 68 3109 189 3172; x_wconf 86' lang='lat' dir='ltr'><strong><em>cerpus.</em></strong></span> <span class='ocrx_word' id='word_1_285' title='bbox 247 3088 317 3154; x_wconf 89' lang='lat' dir='ltr'><strong><em>Cur</em></strong></span> <span class='ocrx_word' id='word_1_286' title='bbox 347 3088 495 3151; x_wconf 67' lang='lat' dir='ltr'><strong><em>deinde¹l</em></strong></span> <span class='ocrx_word' id='word_1_287' title='bbox 521 3089 706 3154; x_wconf 88' lang='lat' dir='ltr'><strong><em>Metrodori</em></strong></span> <span class='ocrx_word' id='word_1_288' title='bbox 728 3089 850 3172; x_wconf 76' lang='lat' dir='ltr'><strong><em>liberos</em></strong></span> <span class='ocrx_word' id='word_1_289' title='bbox 873 3087 1098 3154; x_wconf 77' lang='lat' dir='ltr'><strong><em>commendas?</em></strong></span> <span class='ocrx_word' id='word_1_290' title='bbox 1124 3087 1203 3172; x_wconf 89' lang='lat' dir='ltr'><strong><em>quid</em></strong></span> <span class='ocrx_word' id='word_1_291' title='bbox 1230 3090 1307 3151; x_wconf 82' lang='lat' dir='ltr'><strong><em>ex¹⁵</em></strong></span> <span class='ocrx_word' id='word_1_292' title='bbox 1327 3087 1392 3154; x_wconf 87' lang='lat' dir='ltr'><strong><em>istc</em></strong></span> 
     </span>
     <span class='ocr_line' id='line_1_30' title="bbox 70 3181 1394 3270; baseline -0.001 -24"><span class='ocrx_word' id='word_1_293' title='bbox 70 3185 191 3270; x_wconf 79' lang='lat' dir='ltr'><strong><em>egregio</em></strong></span> <span class='ocrx_word' id='word_1_294' title='bbox 214 3184 310 3248; x_wconf 72' lang='grc' dir='ltr'><strong><em>ῑιιο16</em></strong></span> <span class='ocrx_word' id='word_1_295' title='bbox 331 3181 438 3247; x_wconf 81' lang='lat' dir='ltr'><strong><em>officio</em></strong></span> <span class='ocrx_word' id='word_1_296' title='bbox 462 3194 494 3245; x_wconf 89' lang='lat' dir='ltr'><strong><em>et</em></strong></span> <span class='ocrx_word' id='word_1_297' title='bbox 516 3194 602 3249; x_wconf 79' lang='lat' dir='ltr'><strong><em>tanta</em></strong></span> <span class='ocrx_word' id='word_1_298' title='bbox 624 3182 685 3246; x_wconf 87' lang='lat' dir='ltr'><strong><em>lide</em></strong></span> <span class='ocrx_word' id='word_1_299' title='bbox 708 3183 768 3264; x_wconf 87' lang='lat' dir='ltr'><strong><em>(sie</em></strong></span> <span class='ocrx_word' id='word_1_300' title='bbox 791 3183 873 3247; x_wconf 89' lang='lat' dir='ltr'><strong><em>enim</em></strong></span> <span class='ocrx_word' id='word_1_301' title='bbox 888 3183 1050 3264; x_wconf 85' lang='lat' dir='ltr'><strong><em>existimo)</em></strong></span> <span class='ocrx_word' id='word_1_302' title='bbox 1073 3185 1112 3247; x_wconf 87' lang='lat' dir='ltr'><strong><em>ad</em></strong></span> <span class='ocrx_word' id='word_1_303' title='bbox 1127 3203 1248 3266; x_wconf 88' lang='lat' dir='ltr'><strong><em>corpus</em></strong></span> <span class='ocrx_word' id='word_1_304' title='bbox 1262 3181 1394 3261; x_wconf 75' lang='lat' dir='ltr'><strong><em>refers?</em></strong></span> 
     </span>
    </p>

    <p class='ocr_par' dir='ltr' id='par_1_8' title="bbox 68 3275 1477 3925">
     <span class='ocr_line' id='line_1_31' title="bbox 141 3275 1392 3367; baseline -0.003 -25"><span class='ocrx_word' id='word_1_305' title='bbox 141 3278 278 3361; x_wconf 63' lang='lat' dir='ltr'><strong><em>XXXI.</em></strong></span> <span class='ocrx_word' id='word_1_306' title='bbox 303 3277 356 3342; x_wconf 91' lang='grc'><strong><em>99.</em></strong></span> <span class='ocrx_word' id='word_1_307' title='bbox 376 3278 456 3367; x_wconf 85' lang='lat' dir='ltr'><strong><em>Huc</em></strong></span> <span class='ocrx_word' id='word_1_308' title='bbox 478 3288 510 3340; x_wconf 91' lang='lat' dir='ltr'><strong><em>et</em></strong></span> <span class='ocrx_word' id='word_1_309' title='bbox 531 3276 625 3353; x_wconf 89' lang='lat' dir='ltr'><strong><em>illuc,</em></strong></span> <span class='ocrx_word' id='word_1_310' title='bbox 660 3278 845 3364; x_wconf 80' lang='lat' dir='ltr'><strong><em>Torquate,</em></strong></span> <span class='ocrx_word' id='word_1_311' title='bbox 884 3300 945 3343; x_wconf 87' lang='lat' dir='ltr'><strong><em>vos</em></strong></span> <span class='ocrx_word' id='word_1_312' title='bbox 968 3277 1104 3342; x_wconf 86' lang='lat' dir='ltr'><strong><em>versetis</em></strong></span> <span class='ocrx_word' id='word_1_313' title='bbox 1127 3277 1234 3340; x_wconf 66' lang='lat' dir='ltr'><strong><em>licett</em></strong></span> <span class='ocrx_word' id='word_1_314' title='bbox 1255 3275 1333 3339; x_wconf 90' lang='lat' dir='ltr'><strong><em>nihil</em></strong></span> <span class='ocrx_word' id='word_1_315' title='bbox 1359 3275 1392 3339; x_wconf 93' lang='lat' dir='ltr'><strong><em>in</em></strong></span> 
     </span>
     <span class='ocr_line' id='line_1_32' title="bbox 68 3368 1446 3458; baseline -0.002 -23"><span class='ocrx_word' id='word_1_316' title='bbox 68 3368 120 3435; x_wconf 82' lang='lat' dir='ltr'><strong><em>hac</em></strong></span> <span class='ocrx_word' id='word_1_317' title='bbox 147 3374 314 3454; x_wconf 87' lang='lat' dir='ltr'><strong><em>praeclara</em></strong></span> <span class='ocrx_word' id='word_1_318' title='bbox 349 3370 484 3452; x_wconf 81' lang='lat' dir='ltr'><strong><em>epistola</em></strong></span> <span class='ocrx_word' id='word_1_319' title='bbox 516 3369 670 3453; x_wconf 88' lang='lat' dir='ltr'><strong><em>scriptum</em></strong></span> <span class='ocrx_word' id='word_1_320' title='bbox 699 3373 738 3434; x_wconf 88' lang='lat' dir='ltr'><strong><em>ah</em></strong></span> <span class='ocrx_word' id='word_1_321' title='bbox 768 3373 914 3454; x_wconf 88' lang='lat' dir='ltr'><strong><em>Epicuro</em></strong></span> <span class='ocrx_word' id='word_1_322' title='bbox 937 3393 1122 3458; x_wconf 83' lang='lat' dir='ltr'><strong><em>congruens</em></strong></span> <span class='ocrx_word' id='word_1_323' title='bbox 1144 3381 1177 3434; x_wconf 88' lang='lat' dir='ltr'><strong><em>ct</em></strong></span> <span class='ocrx_word' id='word_1_324' title='bbox 1198 3368 1391 3435; x_wconf 81' lang='lat' dir='ltr'><strong><em>conveniens</em></strong></span> <span class='ocrx_word' id='word_1_325' title='bbox 1442 3375 1446 3385; x_wconf 89' lang='grc'><em>“</em></span> 
     </span>
     <span class='ocr_line' id='line_1_33' title="bbox 70 3463 1436 3559; baseline 0.001 -36"><span class='ocrx_word' id='word_1_326' title='bbox 70 3464 193 3529; x_wconf 84' lang='lat' dir='ltr'><strong><em>decretis</em></strong></span> <span class='ocrx_word' id='word_1_327' title='bbox 215 3467 282 3528; x_wconf 89' lang='lat' dir='ltr'><strong><em>eius</em></strong></span> <span class='ocrx_word' id='word_1_328' title='bbox 306 3463 487 3545; x_wconf 86' lang='lat' dir='ltr'><strong><em>reperietis.</em></strong></span> <span class='ocrx_word' id='word_1_329' title='bbox 543 3465 591 3527; x_wconf 85' lang='lat' dir='ltr'><strong><em>lta</em></strong></span> <span class='ocrx_word' id='word_1_330' title='bbox 615 3466 817 3559; x_wconf 67' lang='lat' dir='ltr'><strong><em>redarguitur</em></strong></span> <span class='ocrx_word' id='word_1_331' title='bbox 825 3467 852 3506; x_wconf 80' lang='lat'><strong><em>¹⁷</em></strong></span> <span class='ocrx_word' id='word_1_332' title='bbox 873 3466 944 3549; x_wconf 88' lang='lat' dir='ltr'><strong><em>ipse</em></strong></span> <span class='ocrx_word' id='word_1_333' title='bbox 966 3488 984 3530; x_wconf 88' lang='lat' dir='ltr'><strong><em>a</em></strong></span> <span class='ocrx_word' id='word_1_334' title='bbox 1006 3487 1099 3541; x_wconf 81' lang='lat' dir='ltr'><strong><em>sese,</em></strong></span> <span class='ocrx_word' id='word_1_335' title='bbox 1121 3463 1393 3547; x_wconf 56' lang='lat' dir='ltr'><strong><em>vincunturquel⁸</em></strong></span> <span class='ocrx_word' id='word_1_336' title='bbox 1432 3468 1436 3475; x_wconf 83' lang='lat'>&#39;</span> 
     </span>
     <span class='ocr_line' id='line_1_34' title="bbox 70 3556 1393 3643; baseline 0.002 -27"><span class='ocrx_word' id='word_1_337' title='bbox 70 3557 177 3640; x_wconf 84' lang='lat' dir='ltr'><strong><em>scripta</em></strong></span> <span class='ocrx_word' id='word_1_338' title='bbox 199 3560 266 3623; x_wconf 88' lang='lat' dir='ltr'><strong><em>eius</em></strong></span> <span class='ocrx_word' id='word_1_339' title='bbox 288 3557 453 3643; x_wconf 84' lang='lat' dir='ltr'><strong><em>probitate</em></strong></span> <span class='ocrx_word' id='word_1_340' title='bbox 474 3556 574 3640; x_wconf 88' lang='lat' dir='ltr'><strong><em>ipsius</em></strong></span> <span class='ocrx_word' id='word_1_341' title='bbox 597 3576 635 3619; x_wconf 86' lang='lat' dir='ltr'><strong><em>ae</em></strong></span> <span class='ocrx_word' id='word_1_342' title='bbox 656 3558 812 3622; x_wconf 88' lang='lat' dir='ltr'><strong><em>moribus.</em></strong></span> <span class='ocrx_word' id='word_1_343' title='bbox 867 3562 949 3623; x_wconf 85' lang='lat' dir='ltr'><strong><em>Nam</em></strong></span> <span class='ocrx_word' id='word_1_344' title='bbox 971 3561 1033 3623; x_wconf 86' lang='lat' dir='ltr'><strong><em>ista</em></strong></span> <span class='ocrx_word' id='word_1_345' title='bbox 1056 3556 1290 3634; x_wconf 86' lang='lat' dir='ltr'><strong><em>commendatio</em></strong></span> <span class='ocrx_word' id='word_1_346' title='bbox 1311 3576 1393 3637; x_wconf 87' lang='lat' dir='ltr'><strong><em>pue-</em></strong></span> 
     </span>
     <span class='ocr_line' id='line_1_35' title="bbox 69 3644 1477 3733; baseline 0.001 -21"><span class='ocrx_word' id='word_1_347' title='bbox 69 3669 201 3731; x_wconf 60' lang='lat' dir='ltr'><strong><em>rorum,</em></strong></span> <span class='ocrx_word' id='word_1_348' title='bbox 222 3652 375 3719; x_wconf 87' lang='lat' dir='ltr'><strong><em>memoria</em></strong></span> <span class='ocrx_word' id='word_1_349' title='bbox 385 3664 416 3719; x_wconf 90' lang='lat' dir='ltr'><strong><em>et</em></strong></span> <span class='ocrx_word' id='word_1_350' title='bbox 438 3651 560 3727; x_wconf 47' lang='lat' dir='ltr'><strong><em>caritas,</em></strong></span> <span class='ocrx_word' id='word_1_351' title='bbox 578 3651 748 3730; x_wconf 85' lang='lat' dir='ltr'><strong><em>amicitiae,</em></strong></span> <span class='ocrx_word' id='word_1_352' title='bbox 772 3644 967 3718; x_wconf 81' lang='lat' dir='ltr'><strong><em>summorum</em></strong></span> <span class='ocrx_word' id='word_1_353' title='bbox 991 3654 1168 3721; x_wconf 85' lang='lat' dir='ltr'><strong><em>officiorum</em></strong></span> <span class='ocrx_word' id='word_1_354' title='bbox 1189 3651 1223 3715; x_wconf 91' lang='lat' dir='ltr'><strong><em>in</em></strong></span> <span class='ocrx_word' id='word_1_355' title='bbox 1246 3661 1392 3723; x_wconf 70' lang='lat' dir='ltr'><strong><em>extremo</em></strong></span> <span class='ocrx_word' id='word_1_356' title='bbox 1472 3729 1477 3733; x_wconf 23' lang='lat'><em>¹</em></span> 
     </span>
     <span class='ocr_line' id='line_1_36' title="bbox 71 3738 1406 3833; baseline 0.001 -29"><span class='ocrx_word' id='word_1_357' title='bbox 71 3744 173 3824; x_wconf 90' lang='lat' dir='ltr'><strong><em>spiritu</em></strong></span> <span class='ocrx_word' id='word_1_358' title='bbox 195 3747 418 3823; x_wconf 76' lang='lat' dir='ltr'><strong><em>conservatis,</em></strong></span> <span class='ocrx_word' id='word_1_359' title='bbox 442 3746 581 3821; x_wconf 79' lang='lat' dir='ltr'><strong><em>indicat,</em></strong></span> <span class='ocrx_word' id='word_1_360' title='bbox 605 3738 743 3811; x_wconf 83' lang='lat' dir='ltr'><strong><em>innatam</em></strong></span> <span class='ocrx_word' id='word_1_361' title='bbox 765 3766 834 3811; x_wconf 89' lang='lat' dir='ltr'><strong><em>esse</em></strong></span> <span class='ocrx_word' id='word_1_362' title='bbox 853 3747 978 3833; x_wconf 89' lang='lat' dir='ltr'><strong><em>homini</em></strong></span> <span class='ocrx_word' id='word_1_363' title='bbox 996 3749 1191 3831; x_wconf 87' lang='lat' dir='ltr'><strong><em>probitatem</em></strong></span> <span class='ocrx_word' id='word_1_364' title='bbox 1208 3743 1406 3832; x_wconf 71' lang='lat' dir='ltr'><strong><em>gratuitam,</em></strong></span> 
     </span>
     <span class='ocr_line' id='line_1_37' title="bbox 72 3839 1407 3925; baseline 0 -27"><span class='ocrx_word' id='word_1_365' title='bbox 72 3856 128 3901; x_wconf 91' lang='lat' dir='ltr'><strong><em>non</em></strong></span> <span class='ocrx_word' id='word_1_366' title='bbox 154 3841 317 3905; x_wconf 83' lang='lat' dir='ltr'><strong><em>inritatam</em></strong></span> <span class='ocrx_word' id='word_1_367' title='bbox 328 3841 355 3881; x_wconf 84' lang='lat'><strong><em>¹⁹</em></strong></span> <span class='ocrx_word' id='word_1_368' title='bbox 387 3839 629 3925; x_wconf 83' lang='lat' dir='ltr'><strong><em>voluptatibus,</em></strong></span> <span class='ocrx_word' id='word_1_369' title='bbox 666 3862 726 3903; x_wconf 90' lang='lat' dir='ltr'><strong><em>nec</em></strong></span> <span class='ocrx_word' id='word_1_370' title='bbox 753 3841 969 3923; x_wconf 85' lang='lat' dir='ltr'><strong><em>praemiorum</em></strong></span> <span class='ocrx_word' id='word_1_371' title='bbox 992 3841 1188 3922; x_wconf 81' lang='lat' dir='ltr'><strong><em>mercedibus</em></strong></span> <span class='ocrx_word' id='word_1_372' title='bbox 1203 3849 1407 3911; x_wconf 37' lang='lat' dir='ltr'><strong><em>venenatam.</em></strong></span> 
     </span>
    </p>
   </div>
   <div class='ocr_carea' id='block_1_3' title="bbox 72 3928 1422 4041">
    <p class='ocr_par' dir='ltr' id='par_1_9' title="bbox 72 3928 1422 4041">
     <span class='ocr_line' id='line_1_38' title="bbox 72 3928 1422 4019; baseline -0.004 -23"><span class='ocrx_word' id='word_1_373' title='bbox 72 3928 158 4010; x_wconf 83' lang='lat' dir='ltr'><strong><em>Quod</em></strong></span> <span class='ocrx_word' id='word_1_374' title='bbox 192 3935 273 3998; x_wconf 89' lang='lat' dir='ltr'><strong><em>enim</em></strong></span> <span class='ocrx_word' id='word_1_375' title='bbox 309 3935 525 3998; x_wconf 88' lang='lat' dir='ltr'><strong><em>testimonium</em></strong></span> <span class='ocrx_word' id='word_1_376' title='bbox 566 3934 666 3998; x_wconf 89' lang='lat' dir='ltr'><strong><em>maius</em></strong></span> <span class='ocrx_word' id='word_1_377' title='bbox 706 3934 916 4019; x_wconf 86' lang='lat' dir='ltr'><strong><em>quaerimus,</em></strong></span> <span class='ocrx_word' id='word_1_378' title='bbox 958 3958 1039 4018; x_wconf 86' lang='lat' dir='ltr'><strong><em>quae</em></strong></span> <span class='ocrx_word' id='word_1_379' title='bbox 1072 3938 1206 3997; x_wconf 87' lang='lat' dir='ltr'><strong><em>honesta</em></strong></span> <span class='ocrx_word' id='word_1_380' title='bbox 1239 3942 1270 3995; x_wconf 91' lang='lat' dir='ltr'><strong><em>et</em></strong></span> <span class='ocrx_word' id='word_1_381' title='bbox 1305 3941 1422 4019; x_wconf 48' lang='lat' dir='ltr'><strong><em>recta¹</em></strong></span> 
     </span>
     <span class='ocr_line' id='line_1_39' title="bbox 334 4022 848 4041; baseline -0.004 -4"><span class='ocrx_word' id='word_1_382' title='bbox 334 4038 335 4041; x_wconf 68' lang='grc'>,</span> <span class='ocrx_word' id='word_1_383' title='bbox 846 4022 848 4035; x_wconf 88' lang='grc'><strong>.</strong></span> 
     </span>
    </p>
   </div>
   <div class='ocr_carea' id='block_1_4' title="bbox 26 4083 1599 5072">
    <p class='ocr_par' dir='ltr' id='par_1_10' title="bbox 136 4083 1394 4162">
     <span class='ocr_line' id='line_1_40' title="bbox 136 4083 1394 4162; baseline -0.003 -21"><span class='ocrx_word' id='word_1_384' title='bbox 136 4088 172 4154; x_wconf 81' lang='lat'><strong><em>(¹)</em></strong></span> <span class='ocrx_word' id='word_1_385' title='bbox 192 4108 206 4141; x_wconf 84' lang='lat' dir='ltr'><strong><em>e</em></strong></span> <span class='ocrx_word' id='word_1_386' title='bbox 226 4089 313 4155; x_wconf 80' lang='lat' dir='ltr'><strong><em>Cdd.,</em></strong></span> <span class='ocrx_word' id='word_1_387' title='bbox 343 4086 385 4162; x_wconf 86' lang='lat' dir='ltr'><strong><em>(ut</em></strong></span> <span class='ocrx_word' id='word_1_388' title='bbox 413 4087 523 4141; x_wconf 76' lang='lat' dir='ltr'><strong><em>volebat</em></strong></span> <span class='ocrx_word' id='word_1_389' title='bbox 553 4089 603 4155; x_wconf 87' lang='lat' dir='ltr'><strong><em>D.)</em></strong></span> <span class='ocrx_word' id='word_1_390' title='bbox 630 4089 662 4140; x_wconf 90' lang='lat' dir='ltr'><strong><em>L.</em></strong></span> <span class='ocrx_word' id='word_1_391' title='bbox 684 4091 766 4147; x_wconf 85' lang='grc'><strong>1566.</strong></span> <span class='ocrx_word' id='word_1_392' title='bbox 788 4099 813 4146; x_wconf 82' lang='lat'><strong><em>1.</em></strong></span> <span class='ocrx_word' id='word_1_393' title='bbox 835 4088 870 4159; x_wconf 84' lang='lat' dir='ltr'><strong><em>G.</em></strong></span> <span class='ocrx_word' id='word_1_394' title='bbox 892 4097 919 4145; x_wconf 82' lang='grc'><strong><em>2,</em></strong></span> <span class='ocrx_word' id='word_1_395' title='bbox 937 4118 976 4131; x_wconf 89' lang='grc'><strong><em>--</em></strong></span> <span class='ocrx_word' id='word_1_396' title='bbox 992 4093 1084 4160; x_wconf 81' lang='lat' dir='ltr'><strong><em>possit</em></strong></span> <span class='ocrx_word' id='word_1_397' title='bbox 1103 4087 1216 4151; x_wconf 81' lang='lat' dir='ltr'><strong><em>Ceteri,</em></strong></span> <span class='ocrx_word' id='word_1_398' title='bbox 1241 4086 1326 4138; x_wconf 85' lang='lat' dir='ltr'><strong><em>etiam</em></strong></span> <span class='ocrx_word' id='word_1_399' title='bbox 1346 4083 1394 4137; x_wconf 62' lang='grc' dir='ltr'><strong><em>ΒΓ.</em></strong></span> 
     </span>
    </p>

    <p class='ocr_par' dir='ltr' id='par_1_11' title="bbox 72 4155 1397 4237">
     <span class='ocr_line' id='line_1_41' title="bbox 72 4155 1397 4237; baseline -0.005 -23"><span class='ocrx_word' id='word_1_400' title='bbox 72 4155 104 4230; x_wconf 77' lang='lat'><strong><em>(²)</em></strong></span> <span class='ocrx_word' id='word_1_401' title='bbox 120 4177 155 4214; x_wconf 72' lang='lat' dir='ltr'><strong><em>ou</em></strong></span> <span class='ocrx_word' id='word_1_402' title='bbox 173 4159 227 4216; x_wconf 85' lang='lat' dir='ltr'><strong><em>om.</em></strong></span> <span class='ocrx_word' id='word_1_403' title='bbox 248 4183 308 4215; x_wconf 87' lang='lat' dir='ltr'><strong><em>ecce</em></strong></span> <span class='ocrx_word' id='word_1_404' title='bbox 329 4181 393 4216; x_wconf 91' lang='lat' dir='ltr'><strong><em>cnm</em></strong></span> <span class='ocrx_word' id='word_1_405' title='bbox 414 4164 472 4217; x_wconf 88' lang='lat' dir='ltr'><strong><em>Pal.</em></strong></span> <span class='ocrx_word' id='word_1_406' title='bbox 494 4183 534 4237; x_wconf 88' lang='lat' dir='ltr'><strong><em>pr.</em></strong></span> <span class='ocrx_word' id='word_1_407' title='bbox 557 4161 629 4236; x_wconf 80' lang='lat' dir='ltr'><strong><em>Spir.</em></strong></span> <span class='ocrx_word' id='word_1_408' title='bbox 648 4162 705 4218; x_wconf 86' lang='lat' dir='ltr'><strong><em>Erl.</em></strong></span> <span class='ocrx_word' id='word_1_409' title='bbox 727 4164 762 4217; x_wconf 89' lang='lat' dir='ltr'><strong><em>D.</em></strong></span> <span class='ocrx_word' id='word_1_410' title='bbox 784 4164 850 4217; x_wconf 85' lang='lat' dir='ltr'><strong><em>Sch.</em></strong></span> <span class='ocrx_word' id='word_1_411' title='bbox 878 4171 904 4219; x_wconf 83' lang='lat'><strong><em>2.</em></strong></span> <span class='ocrx_word' id='word_1_412' title='bbox 923 4166 982 4236; x_wconf 88' lang='lat' dir='ltr'><strong><em>Ego</em></strong></span> <span class='ocrx_word' id='word_1_413' title='bbox 1003 4164 1046 4236; x_wconf 94' lang='lat'><strong><em>[]</em></strong></span> <span class='ocrx_word' id='word_1_414' title='bbox 1069 4162 1187 4215; x_wconf 82' lang='lat' dir='ltr'><strong><em>librarii</em></strong></span> <span class='ocrx_word' id='word_1_415' title='bbox 1207 4164 1249 4214; x_wconf 86' lang='lat' dir='ltr'><strong><em>sie</em></strong></span> <span class='ocrx_word' id='word_1_416' title='bbox 1269 4159 1397 4232; x_wconf 81' lang='lat' dir='ltr'><strong><em>explica-</em></strong></span> 
     </span>
    </p>

    <p class='ocr_par' dir='ltr' id='par_1_12' title="bbox 72 4229 1395 4315">
     <span class='ocr_line' id='line_1_42' title="bbox 72 4229 1395 4315; baseline 0.001 -31"><span class='ocrx_word' id='word_1_417' title='bbox 72 4251 127 4287; x_wconf 89' lang='lat' dir='ltr'><strong><em>runt</em></strong></span> <span class='ocrx_word' id='word_1_418' title='bbox 154 4246 342 4292; x_wconf 81' lang='lat' dir='ltr'><strong><em>accusativum</em></strong></span> <span class='ocrx_word' id='word_1_419' title='bbox 373 4240 595 4292; x_wconf 81' lang='lat' dir='ltr'><strong><em>exclamationis.</em></strong></span> <span class='ocrx_word' id='word_1_420' title='bbox 623 4269 662 4281; x_wconf 88' lang='lat'><strong><em>·-</em></strong></span> <span class='ocrx_word' id='word_1_421' title='bbox 692 4238 737 4291; x_wconf 86' lang='lat' dir='ltr'><strong><em>Eu</em></strong></span> <span class='ocrx_word' id='word_1_422' title='bbox 758 4241 794 4294; x_wconf 92' lang='lat' dir='ltr'><strong><em>G.</em></strong></span> <span class='ocrx_word' id='word_1_423' title='bbox 814 4239 843 4296; x_wconf 77' lang='grc' dir='ltr'><strong><em>Ε.</em></strong></span> <span class='ocrx_word' id='word_1_424' title='bbox 864 4254 961 4315; x_wconf 85' lang='lat' dir='ltr'><strong><em>parum</em></strong></span> <span class='ocrx_word' id='word_1_425' title='bbox 981 4230 1156 4313; x_wconf 63' lang='lat' dir='ltr'><strong><em>probabili.=*</em></strong></span> <span class='ocrx_word' id='word_1_426' title='bbox 1183 4236 1220 4302; x_wconf 83' lang='lat'><strong><em>(³)</em></strong></span> <span class='ocrx_word' id='word_1_427' title='bbox 1236 4252 1306 4289; x_wconf 59' lang='lat' dir='ltr'><strong><em>&gt;cum</em></strong></span> <span class='ocrx_word' id='word_1_428' title='bbox 1325 4229 1395 4287; x_wconf 88' lang='lat' dir='ltr'><strong><em>Cdd.</em></strong></span> 
     </span>
    </p>

    <p class='ocr_par' dir='ltr' id='par_1_13' title="bbox 72 4307 1395 4387">
     <span class='ocr_line' id='line_1_43' title="bbox 72 4307 1395 4387; baseline 0.003 -29"><span class='ocrx_word' id='word_1_429' title='bbox 72 4307 128 4380; x_wconf 79' lang='lat' dir='ltr'><strong><em>aliq.</em></strong></span> <span class='ocrx_word' id='word_1_430' title='bbox 147 4314 191 4368; x_wconf 88' lang='lat' dir='ltr'><strong><em>Cr.</em></strong></span> <span class='ocrx_word' id='word_1_431' title='bbox 211 4318 244 4373; x_wconf 72' lang='lat' dir='ltr'><strong><em>V,</em></strong></span> <span class='ocrx_word' id='word_1_432' title='bbox 264 4316 300 4369; x_wconf 91' lang='lat' dir='ltr'><strong><em>G.</em></strong></span> <span class='ocrx_word' id='word_1_433' title='bbox 319 4334 357 4370; x_wconf 82' lang='lat' dir='ltr'><strong><em>:z</em></strong></span> <span class='ocrx_word' id='word_1_434' title='bbox 376 4334 464 4387; x_wconf 84' lang='lat' dir='ltr'><strong><em>comp.</em></strong></span> <span class='ocrx_word' id='word_1_435' title='bbox 485 4323 600 4379; x_wconf 84' lang='lat' dir='ltr'><strong><em>tamen,</em></strong></span> <span class='ocrx_word' id='word_1_436' title='bbox 633 4320 723 4387; x_wconf 82' lang='lat' dir='ltr'><strong><em>iuquit</em></strong></span> <span class='ocrx_word' id='word_1_437' title='bbox 742 4317 772 4368; x_wconf 91' lang='lat' dir='ltr'><strong><em>P.</em></strong></span> <span class='ocrx_word' id='word_1_438' title='bbox 793 4316 836 4369; x_wconf 88' lang='lat' dir='ltr'><strong><em>M.</em></strong></span> <span class='ocrx_word' id='word_1_439' title='bbox 856 4317 888 4370; x_wconf 88' lang='lat' dir='ltr'><strong><em>L.</em></strong></span> <span class='ocrx_word' id='word_1_440' title='bbox 908 4317 944 4370; x_wconf 91' lang='lat' dir='ltr'><strong><em>D.</em></strong></span> <span class='ocrx_word' id='word_1_441' title='bbox 966 4324 990 4372; x_wconf 91' lang='grc'><strong><em>1.</em></strong></span> <span class='ocrx_word' id='word_1_442' title='bbox 1011 4317 1057 4367; x_wconf 93' lang='lat' dir='ltr'><strong><em>Br.</em></strong></span> <span class='ocrx_word' id='word_1_443' title='bbox 1078 4323 1103 4371; x_wconf 84' lang='grc'><strong><em>2.</em></strong></span> <span class='ocrx_word' id='word_1_444' title='bbox 1143 4310 1183 4386; x_wconf 68' lang='grc'><strong><em>(9)</em></strong></span> <span class='ocrx_word' id='word_1_445' title='bbox 1203 4340 1241 4353; x_wconf 86' lang='lat'><strong><em>--</em></strong></span> <span class='ocrx_word' id='word_1_446' title='bbox 1260 4329 1296 4361; x_wconf 79' lang='lat' dir='ltr'><strong><em>ex</em></strong></span> <span class='ocrx_word' id='word_1_447' title='bbox 1315 4327 1395 4361; x_wconf 78' lang='lat' dir='ltr'><strong><em>mem.</em></strong></span> 
     </span>
    </p>

    <p class='ocr_par' dir='ltr' id='par_1_14' title="bbox 73 4382 1396 4466">
     <span class='ocr_line' id='line_1_44' title="bbox 73 4382 1396 4466; baseline 0.004 -27"><span class='ocrx_word' id='word_1_448' title='bbox 73 4382 99 4435; x_wconf 78' lang='lat' dir='ltr'><strong><em>L·</em></strong></span> <span class='ocrx_word' id='word_1_449' title='bbox 116 4386 193 4442; x_wconf 89' lang='lat' dir='ltr'><strong><em>solus.</em></strong></span> <span class='ocrx_word' id='word_1_450' title='bbox 239 4389 276 4464; x_wconf 81' lang='lat'><strong><em>(⁵)</em></strong></span> <span class='ocrx_word' id='word_1_451' title='bbox 304 4422 341 4433; x_wconf 92' lang='lat'><strong><em>·-</em></strong></span> <span class='ocrx_word' id='word_1_452' title='bbox 370 4393 558 4442; x_wconf 82' lang='lat' dir='ltr'><strong><em>adolescentia</em></strong></span> <span class='ocrx_word' id='word_1_453' title='bbox 585 4389 653 4442; x_wconf 92' lang='lat' dir='ltr'><strong><em>Cdd.</em></strong></span> <span class='ocrx_word' id='word_1_454' title='bbox 680 4396 772 4463; x_wconf 83' lang='lat' dir='ltr'><strong><em>pauci.</em></strong></span> <span class='ocrx_word' id='word_1_455' title='bbox 793 4392 837 4447; x_wconf 88' lang='lat' dir='ltr'><strong><em>Cr.</em></strong></span> <span class='ocrx_word' id='word_1_456' title='bbox 885 4390 923 4466; x_wconf 75' lang='lat'><strong><em>(⁶)</em></strong></span> <span class='ocrx_word' id='word_1_457' title='bbox 944 4410 958 4444; x_wconf 90' lang='lat' dir='ltr'><strong><em>e</em></strong></span> <span class='ocrx_word' id='word_1_458' title='bbox 979 4389 1047 4443; x_wconf 87' lang='lat' dir='ltr'><strong><em>Cdd.</em></strong></span> <span class='ocrx_word' id='word_1_459' title='bbox 1068 4391 1104 4444; x_wconf 84' lang='lat' dir='ltr'><strong><em>G.</em></strong></span> <span class='ocrx_word' id='word_1_460' title='bbox 1125 4395 1152 4445; x_wconf 87' lang='lat'><strong><em>2.</em></strong></span> <span class='ocrx_word' id='word_1_461' title='bbox 1173 4417 1211 4429; x_wconf 88' lang='lat'><strong><em>··-</em></strong></span> <span class='ocrx_word' id='word_1_462' title='bbox 1229 4385 1396 4454; x_wconf 57' lang='lat' dir='ltr'><strong><em>Simulaiqlw</em></strong></span> 
     </span>
    </p>

    <p class='ocr_par' dir='ltr' id='par_1_15' title="bbox 72 4459 1399 4536">
     <span class='ocr_line' id='line_1_45' title="bbox 72 4459 1399 4536; baseline 0 -21"><span class='ocrx_word' id='word_1_463' title='bbox 72 4459 98 4513; x_wconf 82' lang='lat' dir='ltr'><strong><em>P·</em></strong></span> <span class='ocrx_word' id='word_1_464' title='bbox 117 4463 186 4517; x_wconf 85' lang='lat' dir='ltr'><strong><em>Crat.</em></strong></span> <span class='ocrx_word' id='word_1_465' title='bbox 207 4472 291 4533; x_wconf 85' lang='lat' dir='ltr'><strong><em>(errat</em></strong></span> <span class='ocrx_word' id='word_1_466' title='bbox 312 4468 360 4535; x_wconf 87' lang='lat' dir='ltr'><strong><em>G.)</em></strong></span> <span class='ocrx_word' id='word_1_467' title='bbox 382 4467 416 4519; x_wconf 92' lang='lat' dir='ltr'><strong><em>V.</em></strong></span> <span class='ocrx_word' id='word_1_468' title='bbox 436 4467 625 4536; x_wconf 83' lang='lat' dir='ltr'><strong><em>-simulque</em></strong></span> <span class='ocrx_word' id='word_1_469' title='bbox 645 4466 687 4518; x_wconf 88' lang='lat' dir='ltr'><strong><em>M.</em></strong></span> <span class='ocrx_word' id='word_1_470' title='bbox 708 4468 740 4518; x_wconf 82' lang='lat' dir='ltr'><strong><em>l..</em></strong></span> <span class='ocrx_word' id='word_1_471' title='bbox 760 4464 796 4521; x_wconf 87' lang='lat' dir='ltr'><strong><em>D.</em></strong></span> <span class='ocrx_word' id='word_1_472' title='bbox 818 4473 843 4525; x_wconf 86' lang='grc'><strong><em>1.</em></strong></span> <span class='ocrx_word' id='word_1_473' title='bbox 863 4469 916 4521; x_wconf 85' lang='lat' dir='ltr'><strong><em>Br.¹</em></strong></span> <span class='ocrx_word' id='word_1_474' title='bbox 949 4466 986 4534; x_wconf 84' lang='lat'><strong><em>(⁷)</em></strong></span> <span class='ocrx_word' id='word_1_475' title='bbox 1006 4490 1043 4523; x_wconf 66' lang='grc' dir='ltr'>ε</span> <span class='ocrx_word' id='word_1_476' title='bbox 1062 4464 1118 4516; x_wconf 83' lang='lat' dir='ltr'><strong><em>nid.</em></strong></span> <span class='ocrx_word' id='word_1_477' title='bbox 1141 4481 1171 4513; x_wconf 85' lang='lat' dir='ltr'><strong><em>se</em></strong></span> <span class='ocrx_word' id='word_1_478' title='bbox 1189 4463 1221 4515; x_wconf 92' lang='lat' dir='ltr'><strong><em>P.</em></strong></span> <span class='ocrx_word' id='word_1_479' title='bbox 1243 4462 1290 4526; x_wconf 84' lang='lat' dir='ltr'><strong><em>Cr.</em></strong></span> <span class='ocrx_word' id='word_1_480' title='bbox 1310 4460 1343 4534; x_wconf 66' lang='lat' dir='ltr'><strong><em>V.</em></strong></span> <span class='ocrx_word' id='word_1_481' title='bbox 1364 4459 1399 4515; x_wconf 76' lang='lat' dir='ltr'><strong><em>L·</em></strong></span> 
     </span>
    </p>

    <p class='ocr_par' dir='ltr' id='par_1_16' title="bbox 73 4531 1398 4614">
     <span class='ocr_line' id='line_1_46' title="bbox 73 4531 1398 4614; baseline -0.005 -23"><span class='ocrx_word' id='word_1_482' title='bbox 73 4531 211 4610; x_wconf 67' lang='lat' dir='ltr'><strong><em>(tulgatum</em></strong></span> <span class='ocrx_word' id='word_1_483' title='bbox 232 4542 290 4597; x_wconf 88' lang='lat' dir='ltr'><strong><em>ord.</em></strong></span> <span class='ocrx_word' id='word_1_484' title='bbox 311 4541 395 4595; x_wconf 86' lang='lat' dir='ltr'><strong><em>hahet</em></strong></span> <span class='ocrx_word' id='word_1_485' title='bbox 414 4543 470 4608; x_wconf 89' lang='lat' dir='ltr'><strong><em>M.)</em></strong></span> <span class='ocrx_word' id='word_1_486' title='bbox 510 4542 547 4609; x_wconf 78' lang='grc'><strong><em>(3)</em></strong></span> <span class='ocrx_word' id='word_1_487' title='bbox 566 4571 602 4583; x_wconf 93' lang='grc'>-</span> <span class='ocrx_word' id='word_1_488' title='bbox 623 4541 801 4614; x_wconf 79' lang='lat' dir='ltr'><strong><em>despexit&#39;P.</em></strong></span> <span class='ocrx_word' id='word_1_489' title='bbox 822 4542 864 4595; x_wconf 86' lang='lat' dir='ltr'><strong><em>M.</em></strong></span> <span class='ocrx_word' id='word_1_490' title='bbox 884 4544 917 4595; x_wconf 90' lang='lat' dir='ltr'><strong><em>L.</em></strong></span> <span class='ocrx_word' id='word_1_491' title='bbox 955 4541 992 4610; x_wconf 77' lang='grc'><strong><em>(9)</em></strong></span> <span class='ocrx_word' id='word_1_492' title='bbox 1012 4561 1027 4595; x_wconf 90' lang='lat' dir='ltr'><strong><em>e</em></strong></span> <span class='ocrx_word' id='word_1_493' title='bbox 1048 4539 1117 4594; x_wconf 85' lang='lat' dir='ltr'><strong><em>Cdd.</em></strong></span> <span class='ocrx_word' id='word_1_494' title='bbox 1138 4538 1174 4592; x_wconf 90' lang='lat' dir='ltr'><strong><em>G.</em></strong></span> <span class='ocrx_word' id='word_1_495' title='bbox 1196 4544 1221 4591; x_wconf 86' lang='grc'><strong><em>2.</em></strong></span> <span class='ocrx_word' id='word_1_496' title='bbox 1241 4566 1277 4578; x_wconf 88' lang='grc'><strong>-</strong></span> <span class='ocrx_word' id='word_1_497' title='bbox 1297 4551 1398 4605; x_wconf 80' lang='lat' dir='ltr'><strong><em>quum·-</em></strong></span> 
     </span>
    </p>

    <p class='ocr_par' dir='ltr' id='par_1_17' title="bbox 74 4607 1459 4691">
     <span class='ocr_line' id='line_1_47' title="bbox 74 4607 1459 4691; baseline -0.004 -24"><span class='ocrx_word' id='word_1_498' title='bbox 74 4628 115 4678; x_wconf 74' lang='lat' dir='ltr'><strong><em>que</em></strong></span> <span class='ocrx_word' id='word_1_499' title='bbox 132 4615 231 4672; x_wconf 85' lang='lat' dir='ltr'><strong><em>Ceteri.</em></strong></span> <span class='ocrx_word' id='word_1_500' title='bbox 269 4615 321 4691; x_wconf 81' lang='lat'><strong>(¹⁰)</strong></span> <span class='ocrx_word' id='word_1_501' title='bbox 341 4642 379 4676; x_wconf 84' lang='lat'>=</span> <span class='ocrx_word' id='word_1_502' title='bbox 397 4615 508 4687; x_wconf 73' lang='lat' dir='ltr'><strong><em>transf.</em></strong></span> <span class='ocrx_word' id='word_1_503' title='bbox 535 4625 604 4668; x_wconf 64' lang='lat' dir='ltr'><strong><em>erat»</em></strong></span> <span class='ocrx_word' id='word_1_504' title='bbox 619 4619 649 4670; x_wconf 91' lang='lat' dir='ltr'><strong><em>L.</em></strong></span> <span class='ocrx_word' id='word_1_505' title='bbox 673 4619 725 4685; x_wconf 79' lang='lat' dir='ltr'><strong><em>(tt)</em></strong></span> <span class='ocrx_word' id='word_1_506' title='bbox 745 4647 784 4659; x_wconf 95' lang='lat'><em>-</em></span> <span class='ocrx_word' id='word_1_507' title='bbox 803 4618 938 4690; x_wconf 80' lang='lat' dir='ltr'><strong><em>Epicurus</em></strong></span> <span class='ocrx_word' id='word_1_508' title='bbox 958 4617 1067 4689; x_wconf 81' lang='lat' dir='ltr'><strong><em>aliquid</em></strong></span> <span class='ocrx_word' id='word_1_509' title='bbox 1084 4611 1179 4685; x_wconf 84' lang='lat' dir='ltr'><strong><em>refert</em></strong></span> <span class='ocrx_word' id='word_1_510' title='bbox 1199 4620 1293 4663; x_wconf 84' lang='lat' dir='ltr'><strong><em>tamen</em></strong></span> <span class='ocrx_word' id='word_1_511' title='bbox 1313 4607 1397 4663; x_wconf 80' lang='lat' dir='ltr'><strong><em>dubia</em></strong></span> <span class='ocrx_word' id='word_1_512' title='bbox 1451 4662 1459 4691; x_wconf 45' lang='grc' dir='ltr'><em>ι</em></span> 
     </span>
    </p>

    <p class='ocr_par' dir='ltr' id='par_1_18' title="bbox 75 4683 1399 4766">
     <span class='ocr_line' id='line_1_48' title="bbox 75 4683 1399 4766; baseline -0.002 -26"><span class='ocrx_word' id='word_1_513' title='bbox 75 4683 131 4744; x_wconf 78' lang='lat' dir='ltr'><strong><em>Seh.</em></strong></span> <span class='ocrx_word' id='word_1_514' title='bbox 150 4708 219 4764; x_wconf 86' lang='lat' dir='ltr'><strong><em>susp.</em></strong></span> <span class='ocrx_word' id='word_1_515' title='bbox 259 4695 309 4761; x_wconf 77' lang='lat'><strong>(¹²)</strong></span> <span class='ocrx_word' id='word_1_516' title='bbox 331 4723 366 4736; x_wconf 90' lang='lat'><em>-</em></span> <span class='ocrx_word' id='word_1_517' title='bbox 387 4698 417 4744; x_wconf 86' lang='lat' dir='ltr'><strong><em>in</em></strong></span> <span class='ocrx_word' id='word_1_518' title='bbox 434 4710 488 4766; x_wconf 75' lang='lat' dir='ltr'><strong><em>pue</em></strong></span> <span class='ocrx_word' id='word_1_519' title='bbox 508 4699 566 4743; x_wconf 86' lang='lat' dir='ltr'><strong><em>sita</em></strong></span> <span class='ocrx_word' id='word_1_520' title='bbox 584 4692 717 4748; x_wconf 75' lang='lat' dir='ltr'><strong><em>vitientur</em></strong></span> <span class='ocrx_word' id='word_1_521' title='bbox 740 4694 769 4747; x_wconf 87' lang='lat' dir='ltr'><strong><em>L.</em></strong></span> <span class='ocrx_word' id='word_1_522' title='bbox 790 4691 819 4749; x_wconf 73' lang='lat' dir='ltr'><strong><em>G.</em></strong></span> <span class='ocrx_word' id='word_1_523' title='bbox 841 4693 967 4748; x_wconf 82' lang='lat' dir='ltr'><strong><em>Turbant</em></strong></span> <span class='ocrx_word' id='word_1_524' title='bbox 987 4693 1053 4745; x_wconf 87' lang='lat' dir='ltr'><strong><em>Cdd.</em></strong></span> <span class='ocrx_word' id='word_1_525' title='bbox 1075 4706 1102 4744; x_wconf 88' lang='lat' dir='ltr'><strong><em>et</em></strong></span> <span class='ocrx_word' id='word_1_526' title='bbox 1121 4692 1181 4741; x_wconf 86' lang='lat' dir='ltr'><strong><em>Viri</em></strong></span> <span class='ocrx_word' id='word_1_527' title='bbox 1200 4687 1264 4741; x_wconf 88' lang='lat' dir='ltr'><strong><em>DD.</em></strong></span> <span class='ocrx_word' id='word_1_528' title='bbox 1279 4683 1339 4739; x_wconf 87' lang='lat' dir='ltr'><strong><em>vide</em></strong></span> <span class='ocrx_word' id='word_1_529' title='bbox 1361 4683 1399 4738; x_wconf 88' lang='lat' dir='ltr'><strong><em>G.</em></strong></span> 
     </span>
    </p>

    <p class='ocr_par' dir='ltr' id='par_1_19' title="bbox 74 4760 1398 4842">
     <span class='ocr_line' id='line_1_49' title="bbox 74 4760 1398 4842; baseline -0.004 -24"><span class='ocrx_word' id='word_1_530' title='bbox 74 4760 119 4828; x_wconf 74' lang='lat'><strong>(¹³)</strong></span> <span class='ocrx_word' id='word_1_531' title='bbox 138 4780 196 4819; x_wconf 83' lang='lat' dir='ltr'><strong><em>cum</em></strong></span> <span class='ocrx_word' id='word_1_532' title='bbox 216 4767 283 4822; x_wconf 91' lang='lat' dir='ltr'><strong><em>Cdd.</em></strong></span> <span class='ocrx_word' id='word_1_533' title='bbox 304 4770 336 4822; x_wconf 90' lang='lat' dir='ltr'><strong><em>L.</em></strong></span> <span class='ocrx_word' id='word_1_534' title='bbox 357 4769 392 4822; x_wconf 90' lang='lat' dir='ltr'><strong><em>G.</em></strong></span> <span class='ocrx_word' id='word_1_535' title='bbox 415 4778 443 4826; x_wconf 83' lang='lat'><strong><em>2.</em></strong></span> <span class='ocrx_word' id='word_1_536' title='bbox 462 4800 500 4811; x_wconf 90' lang='lat'><em>-</em></span> <span class='ocrx_word' id='word_1_537' title='bbox 519 4775 553 4835; x_wconf 34' lang='lat' dir='ltr'><strong><em>ei,</em></strong></span> <span class='ocrx_word' id='word_1_538' title='bbox 565 4768 666 4822; x_wconf 83' lang='lat' dir='ltr'><strong><em>Ceteri.</em></strong></span> <span class='ocrx_word' id='word_1_539' title='bbox 706 4768 757 4842; x_wconf 72' lang='lat' dir='ltr'><strong><em>(ll)</em></strong></span> <span class='ocrx_word' id='word_1_540' title='bbox 777 4785 815 4821; x_wconf 68' lang='lat' dir='ltr'><strong><em>sm</em></strong></span> <span class='ocrx_word' id='word_1_541' title='bbox 833 4769 924 4837; x_wconf 82' lang='lat' dir='ltr'><strong><em>Quum</em></strong></span> <span class='ocrx_word' id='word_1_542' title='bbox 943 4770 1059 4840; x_wconf 84' lang='lat' dir='ltr'><strong><em>denique</em></strong></span> <span class='ocrx_word' id='word_1_543' title='bbox 1079 4765 1112 4818; x_wconf 89' lang='lat' dir='ltr'><strong><em>de</em></strong></span> <span class='ocrx_word' id='word_1_544' title='bbox 1132 4764 1167 4818; x_wconf 90' lang='lat' dir='ltr'><strong><em>G.</em></strong></span> <span class='ocrx_word' id='word_1_545' title='bbox 1190 4781 1264 4834; x_wconf 79' lang='lat' dir='ltr'><strong><em>susp.</em></strong></span> <span class='ocrx_word' id='word_1_546' title='bbox 1285 4761 1350 4815; x_wconf 87' lang='lat' dir='ltr'><strong><em>Seh.</em></strong></span> <span class='ocrx_word' id='word_1_547' title='bbox 1371 4766 1398 4814; x_wconf 88' lang='grc'><strong><em>2.</em></strong></span> 
     </span>
    </p>

    <p class='ocr_par' dir='ltr' id='par_1_20' title="bbox 26 4835 1599 4992">
     <span class='ocr_line' id='line_1_50' title="bbox 76 4835 1599 4916; baseline -0.008 -20"><span class='ocrx_word' id='word_1_548' title='bbox 76 4835 243 4902; x_wconf 82' lang='lat' dir='ltr'><strong><em>(¹⁵)-om.</em></strong></span> <span class='ocrx_word' id='word_1_549' title='bbox 265 4864 301 4897; x_wconf 78' lang='lat' dir='ltr'><strong><em>ex</em></strong></span> <span class='ocrx_word' id='word_1_550' title='bbox 321 4847 353 4898; x_wconf 89' lang='lat' dir='ltr'><strong><em>P.</em></strong></span> <span class='ocrx_word' id='word_1_551' title='bbox 374 4847 419 4899; x_wconf 89' lang='lat' dir='ltr'><strong><em>Cr.</em></strong></span> <span class='ocrx_word' id='word_1_552' title='bbox 440 4846 473 4898; x_wconf 87' lang='lat' dir='ltr'><strong><em>V.</em></strong></span> <span class='ocrx_word' id='word_1_553' title='bbox 514 4844 565 4913; x_wconf 78' lang='lat' dir='ltr'><strong><em>(ts)</em></strong></span> <span class='ocrx_word' id='word_1_554' title='bbox 586 4863 599 4896; x_wconf 92' lang='lat' dir='ltr'><strong><em>e</em></strong></span> <span class='ocrx_word' id='word_1_555' title='bbox 620 4843 689 4899; x_wconf 90' lang='lat' dir='ltr'><strong><em>Cdd.</em></strong></span> <span class='ocrx_word' id='word_1_556' title='bbox 711 4845 746 4898; x_wconf 90' lang='lat' dir='ltr'><strong><em>G.</em></strong></span> <span class='ocrx_word' id='word_1_557' title='bbox 765 4866 803 4902; x_wconf 88' lang='lat'><strong><em>::</em></strong></span> <span class='ocrx_word' id='word_1_558' title='bbox 822 4853 870 4897; x_wconf 87' lang='lat' dir='ltr'><strong><em>tuo</em></strong></span> <span class='ocrx_word' id='word_1_559' title='bbox 890 4863 951 4914; x_wconf 77' lang='lat' dir='ltr'><strong><em>egr.</em></strong></span> <span class='ocrx_word' id='word_1_560' title='bbox 972 4847 1072 4898; x_wconf 86' lang='lat' dir='ltr'><strong><em>Ceteri.</em></strong></span> <span class='ocrx_word' id='word_1_561' title='bbox 1111 4836 1162 4916; x_wconf 78' lang='lat'><strong>(¹⁷)</strong></span> <span class='ocrx_word' id='word_1_562' title='bbox 1183 4837 1413 4905; x_wconf 58' lang='lat' dir='ltr'><strong><em>·-.redargua-&#39;</em></strong></span> <span class='ocrx_word' id='word_1_563' title='bbox 1442 4878 1443 4881; x_wconf 68' lang='grc'>,</span> <span class='ocrx_word' id='word_1_564' title='bbox 1524 4880 1531 4884; x_wconf 89' lang='grc'><em>.</em></span> <span class='ocrx_word' id='word_1_565' title='bbox 1597 4840 1599 4847; x_wconf 67' lang='lat'><strong>⁴</strong></span> 
     </span>
     <span class='ocr_line' id='line_1_51' title="bbox 26 4908 1421 4992; baseline 0.002 -33"><span class='ocrx_word' id='word_1_566' title='bbox 26 4930 28 4935; x_wconf 88' lang='lat'><em>·</em></span> <span class='ocrx_word' id='word_1_567' title='bbox 76 4917 115 4961; x_wconf 87' lang='lat' dir='ltr'><strong><em>tur</em></strong></span> <span class='ocrx_word' id='word_1_568' title='bbox 131 4914 161 4968; x_wconf 87' lang='lat' dir='ltr'><strong><em>V.</em></strong></span> <span class='ocrx_word' id='word_1_569' title='bbox 207 4918 259 4992; x_wconf 76' lang='lat'><strong>(¹⁸)</strong></span> <span class='ocrx_word' id='word_1_570' title='bbox 280 4939 294 4973; x_wconf 88' lang='lat' dir='ltr'><strong><em>e</em></strong></span> <span class='ocrx_word' id='word_1_571' title='bbox 321 4918 390 4974; x_wconf 87' lang='lat' dir='ltr'><strong><em>Cdd.</em></strong></span> <span class='ocrx_word' id='word_1_572' title='bbox 411 4921 445 4975; x_wconf 91' lang='lat' dir='ltr'><strong><em>D.</em></strong></span> <span class='ocrx_word' id='word_1_573' title='bbox 467 4922 513 4976; x_wconf 84' lang='lat' dir='ltr'><strong><em>Bt.</em></strong></span> <span class='ocrx_word' id='word_1_574' title='bbox 533 4910 615 4976; x_wconf 81' lang='lat' dir='ltr'><strong><em>G.&#39;2.</em></strong></span> <span class='ocrx_word' id='word_1_575' title='bbox 635 4946 673 4963; x_wconf 55' lang='grc' dir='ltr'><strong><em>υ-</em></strong></span> <span class='ocrx_word' id='word_1_576' title='bbox 690 4927 868 4975; x_wconf 69' lang='lat' dir='ltr'><strong><em>amarentur</em></strong></span> <span class='ocrx_word' id='word_1_577' title='bbox 889 4919 939 4974; x_wconf 87' lang='lat' dir='ltr'><strong><em>Cd.</em></strong></span> <span class='ocrx_word' id='word_1_578' title='bbox 965 4918 1026 4975; x_wconf 84' lang='lat' dir='ltr'><strong><em>Mo.</em></strong></span> <span class='ocrx_word' id='word_1_579' title='bbox 1047 4948 1084 4960; x_wconf 88' lang='lat'>-</span> <span class='ocrx_word' id='word_1_580' title='bbox 1102 4922 1275 4984; x_wconf 67' lang='lat' dir='ltr'><strong><em>venturique</em></strong></span> <span class='ocrx_word' id='word_1_581' title='bbox 1298 4915 1329 4967; x_wconf 79' lang='lat' dir='ltr'><strong><em>P.</em></strong></span> <span class='ocrx_word' id='word_1_582' title='bbox 1351 4908 1398 4965; x_wconf 75' lang='lat'><strong><em>(21¹.</em></strong></span> <span class='ocrx_word' id='word_1_583' title='bbox 1418 4926 1421 4939; x_wconf 79' lang='lat'><strong><em>¹</em></strong></span> 
     </span>
    </p>

    <p class='ocr_par' dir='ltr' id='par_1_21' title="bbox 77 4986 1383 5072">
     <span class='ocr_line' id='line_1_52' title="bbox 77 4986 1383 5072; baseline 0 -22"><span class='ocrx_word' id='word_1_584' title='bbox 77 4986 106 5040; x_wconf 72' lang='lat' dir='ltr'><strong><em>V·</em></strong></span> <span class='ocrx_word' id='word_1_585' title='bbox 122 4989 161 5044; x_wconf 75' lang='lat' dir='ltr'><strong><em>M·</em></strong></span> <span class='ocrx_word' id='word_1_586' title='bbox 178 4993 209 5047; x_wconf 81' lang='lat' dir='ltr'><strong><em>L.</em></strong></span> <span class='ocrx_word' id='word_1_587' title='bbox 234 5003 259 5053; x_wconf 86' lang='lat'><strong><em>1.</em></strong></span> <span class='ocrx_word' id='word_1_588' title='bbox 279 5012 317 5050; x_wconf 71' lang='lat' dir='ltr'><strong><em>mn</em></strong></span> <span class='ocrx_word' id='word_1_589' title='bbox 335 5003 589 5067; x_wconf 73' lang='lat' dir='ltr'><strong><em>convincunturque</em></strong></span> <span class='ocrx_word' id='word_1_590' title='bbox 609 4996 644 5050; x_wconf 92' lang='lat' dir='ltr'><strong><em>D.</em></strong></span> <span class='ocrx_word' id='word_1_591' title='bbox 665 5015 740 5071; x_wconf 86' lang='lat' dir='ltr'><strong><em>susp.</em></strong></span> <span class='ocrx_word' id='word_1_592' title='bbox 757 4995 819 5072; x_wconf 56' lang='grc' dir='ltr'><strong><em>θ(19)</em></strong></span> <span class='ocrx_word' id='word_1_593' title='bbox 839 5021 876 5037; x_wconf 91' lang='lat'><strong><em>·-</em></strong></span> <span class='ocrx_word' id='word_1_594' title='bbox 895 5002 1053 5049; x_wconf 84' lang='lat' dir='ltr'><strong><em>mutuatam</em></strong></span> <span class='ocrx_word' id='word_1_595' title='bbox 1065 4993 1107 5048; x_wconf 79' lang='lat' dir='ltr'><strong><em>M.</em></strong></span> <span class='ocrx_word' id='word_1_596' title='bbox 1120 4995 1163 5035; x_wconf 76' lang='grc'><strong><em>--“</em></strong></span> <span class='ocrx_word' id='word_1_597' title='bbox 1176 4998 1316 5055; x_wconf 53' lang='lat' dir='ltr'><strong><em>umidis&amp;</em></strong></span> <span class='ocrx_word' id='word_1_598' title='bbox 1337 4988 1383 5043; x_wconf 65' lang='lat' dir='ltr'><strong><em>Ch</em></strong></span> 
     </span>
    </p>
   </div>
   <div class='ocr_carea' id='block_1_5' title="bbox 0 0 1642 5490">
    <p class='ocr_par' dir='ltr' id='par_1_22' title="bbox 0 0 1642 5490">
     <span class='ocr_line' id='line_1_53' title="bbox 0 0 1642 5490; baseline 0 0"><span class='ocrx_word' id='word_1_599' title='bbox 0 0 1642 5490; x_wconf 95' lang='lat' dir='ltr'><strong><em> </em></strong></span> 
     </span>
    </p>
   </div>
  </div>
 </body>
</html>
