<?xml version="1.0" encoding="UTF-8"?>
<!DOCTYPE html PUBLIC "-//W3C//DTD XHTML 1.0 Transitional//EN"
    "http://www.w3.org/TR/xhtml1/DTD/xhtml1-transitional.dtd">
<html xmlns="http://www.w3.org/1999/xhtml" xml:lang="en" lang="en">
 <head>
  <title>
</title>
<meta http-equiv="Content-Type" content="text/html;charset=utf-8" />
  <meta name='ocr-system' content='tesseract 3.04.00' />
  <meta name='ocr-capabilities' content='ocr_page ocr_carea ocr_par ocr_line ocrx_word'/>
</head>
<body>
  <div class='ocr_page' id='page_1' title='image "./mtulliiciceroni01orelgoog_0286.png"; bbox 0 0 3226 5488; ppageno 0'>
   <div class='ocr_carea' id='block_1_1' title="bbox 623 409 1433 515">
    <p class='ocr_par' dir='ltr' id='par_1_1' title="bbox 623 356 1433 515">
     <span class='ocr_line' id='line_1_1' title="bbox 623 409 1433 515; baseline -0.002 -32"><span class='ocrx_word' id='word_1_1' title='bbox 623 413 921 485; x_wconf 76' lang='lat' dir='ltr'><strong>seauuuma.</strong></span> <span class='ocrx_word' id='word_1_2' title='bbox 1245 442 1249 452; x_wconf 90' lang='lat'><em>-</em></span> <span class='ocrx_word' id='word_1_3' title='bbox 1349 409 1433 515; x_wconf 72' lang='lat' dir='ltr'><strong>¹eat.</strong></span> 
     </span>
    </p>
   </div>
   <div class='ocr_carea' id='block_1_2' title="bbox 26 524 1430 643">
    <p class='ocr_par' dir='ltr' id='par_1_2' title="bbox 26 524 1430 643">
     <span class='ocr_line' id='line_1_2' title="bbox 26 524 1430 643; baseline -0.009 -17"><span class='ocrx_word' id='word_1_4' title='bbox 26 534 31 541; x_wconf 17' lang='grc' dir='ltr'>ἱ</span> <span class='ocrx_word' id='word_1_5' title='bbox 102 561 181 625; x_wconf 84' lang='lat' dir='ltr'><strong>licet</strong></span> <span class='ocrx_word' id='word_1_6' title='bbox 204 546 321 625; x_wconf 80' lang='lat' dir='ltr'><strong>novum</strong></span> <span class='ocrx_word' id='word_1_7' title='bbox 344 571 377 624; x_wconf 87' lang='lat' dir='ltr'><strong>et</strong></span> <span class='ocrx_word' id='word_1_8' title='bbox 398 560 483 643; x_wconf 85' lang='lat' dir='ltr'><strong>qnod</strong></span> <span class='ocrx_word' id='word_1_9' title='bbox 505 557 574 641; x_wconf 83' lang='lat' dir='ltr'><strong>ipse</strong></span> <span class='ocrx_word' id='word_1_10' title='bbox 596 579 614 620; x_wconf 86' lang='lat' dir='ltr'><strong>a</strong></span> <span class='ocrx_word' id='word_1_11' title='bbox 636 557 806 640; x_wconf 79' lang='lat' dir='ltr'><strong>sapientiae</strong></span> <span class='ocrx_word' id='word_1_12' title='bbox 827 578 921 641; x_wconf 87' lang='lat' dir='ltr'><strong>quam</strong></span> <span class='ocrx_word' id='word_1_13' title='bbox 943 524 1153 641; x_wconf 78' lang='lat' dir='ltr'><strong>profiteretur</strong></span> <span class='ocrx_word' id='word_1_14' title='bbox 1175 531 1430 627; x_wconf 80' lang='lat' dir='ltr'><strong>antecessoribus</strong></span> 
     </span>
    </p>
   </div>
   <div class='ocr_carea' id='block_1_3' title="bbox 96 649 1503 1017">
    <p class='ocr_par' dir='ltr' id='par_1_3' title="bbox 96 649 1503 1017">
     <span class='ocr_line' id='line_1_3' title="bbox 100 649 1427 736; baseline -0.008 -18"><span class='ocrx_word' id='word_1_15' title='bbox 100 677 168 719; x_wconf 90' lang='lat' dir='ltr'><strong>non</strong></span> <span class='ocrx_word' id='word_1_16' title='bbox 200 653 370 736; x_wconf 85' lang='lat' dir='ltr'><strong>acceperit.</strong></span> <span class='ocrx_word' id='word_1_17' title='bbox 425 653 549 715; x_wconf 86' lang='lat' dir='ltr'><strong>Verum</strong></span> <span class='ocrx_word' id='word_1_18' title='bbox 579 663 610 716; x_wconf 88' lang='lat' dir='ltr'><strong>et</strong></span> <span class='ocrx_word' id='word_1_19' title='bbox 632 653 764 717; x_wconf 88' lang='lat' dir='ltr'><strong>concedi</strong></span> <span class='ocrx_word' id='word_1_20' title='bbox 786 649 847 713; x_wconf 88' lang='lat' dir='ltr'><strong>sibi</strong></span> <span class='ocrx_word' id='word_1_21' title='bbox 868 649 947 713; x_wconf 87' lang='lat' dir='ltr'><strong>illud</strong></span> <span class='ocrx_word' id='word_1_22' title='bbox 969 649 1054 713; x_wconf 85' lang='lat' dir='ltr'><strong>aliud</strong></span> <span class='ocrx_word' id='word_1_23' title='bbox 1076 651 1216 732; x_wconf 89' lang='lat' dir='ltr'><strong>postulat</strong></span> <span class='ocrx_word' id='word_1_24' title='bbox 1237 668 1254 709; x_wconf 84' lang='lat' dir='ltr'><strong>a</strong></span> <span class='ocrx_word' id='word_1_25' title='bbox 1277 649 1427 722; x_wconf 80' lang='lat' dir='ltr'>Zenone,</span> 
     </span>
     <span class='ocr_line' id='line_1_4' title="bbox 98 744 1431 835; baseline -0.01 -20"><span class='ocrx_word' id='word_1_26' title='bbox 98 749 203 835; x_wconf 75' lang='lat' dir='ltr'><strong>Nihil</strong></span> <span class='ocrx_word' id='word_1_27' title='bbox 223 747 498 831; x_wconf 78' lang='lat' dir='ltr'><strong>approbatrmtsm</strong></span> <span class='ocrx_word' id='word_1_28' title='bbox 518 745 725 829; x_wconf 70' lang='lat' dir='ltr'><em>sapientem,</em></span> <span class='ocrx_word' id='word_1_29' title='bbox 758 756 794 807; x_wconf 90' lang='lat' dir='ltr'><strong>ut</strong></span> <span class='ocrx_word' id='word_1_30' title='bbox 809 745 904 828; x_wconf 50' lang='lat' dir='ltr'><strong>¹quod</strong></span> <span class='ocrx_word' id='word_1_31' title='bbox 925 764 966 825; x_wconf 64' lang='lat' dir='ltr'><strong>en</strong></span> <span class='ocrx_word' id='word_1_32' title='bbox 987 744 1045 809; x_wconf 92' lang='lat' dir='ltr'><strong>illo</strong></span> <span class='ocrx_word' id='word_1_33' title='bbox 1067 744 1179 827; x_wconf 90' lang='lat' dir='ltr'><strong>priore</strong></span> <span class='ocrx_word' id='word_1_34' title='bbox 1196 752 1431 825; x_wconf 70' lang='lat' dir='ltr'>consequatur,</span> 
     </span>
     <span class='ocr_line' id='line_1_5' title="bbox 102 837 1503 925; baseline -0.006 -21"><span class='ocrx_word' id='word_1_35' title='bbox 102 853 159 905; x_wconf 82' lang='lat' dir='ltr'><strong>aut</strong></span> <span class='ocrx_word' id='word_1_36' title='bbox 189 861 345 925; x_wconf 81' lang='lat' dir='ltr'><strong>pugnare.</strong></span> <span class='ocrx_word' id='word_1_37' title='bbox 404 841 496 905; x_wconf 85' lang='lat' dir='ltr'><strong>Zeno</strong></span> <span class='ocrx_word' id='word_1_38' title='bbox 527 838 652 903; x_wconf 88' lang='lat' dir='ltr'><strong>minime</strong></span> <span class='ocrx_word' id='word_1_39' title='bbox 674 839 706 900; x_wconf 87' lang='lat' dir='ltr'><strong>id</strong></span> <span class='ocrx_word' id='word_1_40' title='bbox 727 838 895 914; x_wconf 89' lang='lat' dir='ltr'><strong>concedit,</strong></span> <span class='ocrx_word' id='word_1_41' title='bbox 933 859 1137 923; x_wconf 80' lang='lat' dir='ltr'><strong>pugnamque</strong></span> <span class='ocrx_word' id='word_1_42' title='bbox 1159 838 1243 900; x_wconf 87' lang='lat' dir='ltr'><strong>haud</strong></span> <span class='ocrx_word' id='word_1_43' title='bbox 1264 837 1429 899; x_wconf 75' lang='lat' dir='ltr'><strong>detrectat.</strong></span> <span class='ocrx_word' id='word_1_44' title='bbox 1500 864 1503 881; x_wconf 92' lang='lat'>·</span> 
     </span>
     <span class='ocr_line' id='line_1_6' title="bbox 96 927 1428 1017; baseline -0.007 -17"><span class='ocrx_word' id='word_1_45' title='bbox 96 935 262 1000; x_wconf 86' lang='lat' dir='ltr'><strong>Aderitur</strong></span> <span class='ocrx_word' id='word_1_46' title='bbox 284 934 462 1005; x_wconf 80' lang='lat' dir='ltr'><strong>Arcesilas,</strong></span> <span class='ocrx_word' id='word_1_47' title='bbox 486 944 518 997; x_wconf 88' lang='lat' dir='ltr'><strong>et</strong></span> <span class='ocrx_word' id='word_1_48' title='bbox 540 931 630 1017; x_wconf 87' lang='lat' dir='ltr'><strong>quasi</strong></span> <span class='ocrx_word' id='word_1_49' title='bbox 652 934 779 997; x_wconf 88' lang='lat' dir='ltr'><strong>Graeco</strong></span> <span class='ocrx_word' id='word_1_50' title='bbox 796 953 886 997; x_wconf 88' lang='lat' dir='ltr'><strong>more</strong></span> <span class='ocrx_word' id='word_1_51' title='bbox 901 931 984 1003; x_wconf 81' lang='lat' dir='ltr'><strong>iacto</strong></span> <span class='ocrx_word' id='word_1_52' title='bbox 1001 930 1112 995; x_wconf 87' lang='lat' dir='ltr'><strong>titione</strong></span> <span class='ocrx_word' id='word_1_53' title='bbox 1130 932 1216 995; x_wconf 89' lang='lat' dir='ltr'><strong>inter</strong></span> <span class='ocrx_word' id='word_1_54' title='bbox 1232 927 1315 992; x_wconf 87' lang='lat' dir='ltr'><strong>acies</strong></span> <span class='ocrx_word' id='word_1_55' title='bbox 1330 949 1428 1013; x_wconf 55' lang='lat' dir='ltr'><strong>prosp</strong></span> 
     </span>
    </p>
   </div>
   <div class='ocr_carea' id='block_1_4' title="bbox 68 1022 1431 1110">
    <p class='ocr_par' dir='ltr' id='par_1_4' title="bbox 68 1022 1431 1110">
     <span class='ocr_line' id='line_1_7' title="bbox 68 1022 1431 1110; baseline -0.005 -18"><span class='ocrx_word' id='word_1_56' title='bbox 68 1029 177 1092; x_wconf 64' lang='lat' dir='ltr'><strong>⁴lium</strong></span> <span class='ocrx_word' id='word_1_57' title='bbox 207 1027 386 1092; x_wconf 87' lang='lat' dir='ltr'><strong>committit.</strong></span> <span class='ocrx_word' id='word_1_58' title='bbox 445 1025 579 1107; x_wconf 78' lang='lat' dir='ltr'><strong>Sapiens</strong></span> <span class='ocrx_word' id='word_1_59' title='bbox 611 1025 747 1110; x_wconf 69' lang='lat' dir='ltr'><strong>(inquith</strong></span> <span class='ocrx_word' id='word_1_60' title='bbox 769 1047 832 1110; x_wconf 84' lang='lat' dir='ltr'><strong>uon</strong></span> <span class='ocrx_word' id='word_1_61' title='bbox 864 1025 1054 1090; x_wconf 76' lang='lat' dir='ltr'><strong>assentietur</strong></span> <span class='ocrx_word' id='word_1_62' title='bbox 1084 1024 1144 1091; x_wconf 88' lang='lat' dir='ltr'><strong>nisi</strong></span> <span class='ocrx_word' id='word_1_63' title='bbox 1165 1035 1340 1106; x_wconf 84' lang='lat' dir='ltr'><strong>percepto:</strong></span> <span class='ocrx_word' id='word_1_64' title='bbox 1374 1022 1431 1085; x_wconf 79' lang='lat' dir='ltr'><strong>scd</strong></span> 
     </span>
    </p>
   </div>
   <div class='ocr_carea' id='block_1_5' title="bbox 96 1117 1430 1394">
    <p class='ocr_par' dir='ltr' id='par_1_5' title="bbox 96 1117 1430 1394">
     <span class='ocr_line' id='line_1_8' title="bbox 96 1117 1430 1205; baseline -0.004 -21"><span class='ocrx_word' id='word_1_65' title='bbox 96 1122 180 1185; x_wconf 87' lang='lat' dir='ltr'><strong>nihil</strong></span> <span class='ocrx_word' id='word_1_66' title='bbox 203 1132 251 1184; x_wconf 86' lang='lat' dir='ltr'><strong>est</strong></span> <span class='ocrx_word' id='word_1_67' title='bbox 265 1124 361 1205; x_wconf 91' lang='lat' dir='ltr'><strong>·qu0d</strong></span> <span class='ocrx_word' id='word_1_68' title='bbox 382 1118 505 1201; x_wconf 85' lang='lat' dir='ltr'><strong>percipi</strong></span> <span class='ocrx_word' id='word_1_69' title='bbox 527 1118 644 1201; x_wconf 85' lang='lat' dir='ltr'><strong>possit.</strong></span> <span class='ocrx_word' id='word_1_70' title='bbox 700 1119 790 1182; x_wconf 85' lang='lat' dir='ltr'><strong>Nulli</strong></span> <span class='ocrx_word' id='word_1_71' title='bbox 812 1138 893 1202; x_wconf 84' lang='lat' dir='ltr'><strong>ergo</strong></span> <span class='ocrx_word' id='word_1_72' title='bbox 916 1118 1105 1183; x_wconf 86' lang='lat' dir='ltr'><strong>assentietur</strong></span> <span class='ocrx_word' id='word_1_73' title='bbox 1128 1118 1270 1200; x_wconf 90' lang='lat' dir='ltr'><strong>sapiens,</strong></span> <span class='ocrx_word' id='word_1_74' title='bbox 1302 1117 1360 1179; x_wconf 89' lang='lat' dir='ltr'><strong>sed</strong></span> <span class='ocrx_word' id='word_1_75' title='bbox 1380 1136 1430 1178; x_wconf 90' lang='lat' dir='ltr'><strong>as·</strong></span> 
     </span>
     <span class='ocr_line' id='line_1_9' title="bbox 98 1206 1426 1295; baseline -0.005 -15"><span class='ocrx_word' id='word_1_76' title='bbox 98 1238 228 1280; x_wconf 85' lang='lat' dir='ltr'><strong>sensum</strong></span> <span class='ocrx_word' id='word_1_77' title='bbox 251 1213 430 1279; x_wconf 82' lang='lat' dir='ltr'><strong>sustinebit.</strong></span> <span class='ocrx_word' id='word_1_78' title='bbox 490 1216 599 1295; x_wconf 81' lang='lat' dir='ltr'><strong>Negat</strong></span> <span class='ocrx_word' id='word_1_79' title='bbox 621 1212 896 1294; x_wconf 83' lang='lat' dir='ltr'><strong>Zenoposterius</strong></span> <span class='ocrx_word' id='word_1_80' title='bbox 918 1212 1012 1287; x_wconf 91' lang='lat' dir='ltr'><strong>illud,</strong></span> <span class='ocrx_word' id='word_1_81' title='bbox 1037 1213 1161 1288; x_wconf 89' lang='lat' dir='ltr'><strong>idest,</strong></span> <span class='ocrx_word' id='word_1_82' title='bbox 1185 1211 1262 1274; x_wconf 91' lang='lat' dir='ltr'><strong>nihil</strong></span> <span class='ocrx_word' id='word_1_83' title='bbox 1282 1206 1426 1292; x_wconf 82' lang='lat' dir='ltr'><strong>percipit</strong></span> 
     </span>
     <span class='ocr_line' id='line_1_10' title="bbox 98 1303 1428 1394; baseline -0.005 -24"><span class='ocrx_word' id='word_1_84' title='bbox 98 1311 253 1394; x_wconf 70' lang='lat' dir='ltr'><strong>quioniam</strong></span> <span class='ocrx_word' id='word_1_85' title='bbox 274 1308 391 1393; x_wconf 87' lang='lat' dir='ltr'><strong>aliquid</strong></span> <span class='ocrx_word' id='word_1_86' title='bbox 414 1308 454 1371; x_wconf 85' lang='lat' dir='ltr'><strong>sit</strong></span> <span class='ocrx_word' id='word_1_87' title='bbox 475 1309 564 1392; x_wconf 88' lang='lat' dir='ltr'><strong>quod</strong></span> <span class='ocrx_word' id='word_1_88' title='bbox 585 1305 790 1388; x_wconf 86' lang='lat' dir='ltr'><strong>percipiatur.</strong></span> <span class='ocrx_word' id='word_1_89' title='bbox 837 1306 922 1387; x_wconf 84' lang='lat' dir='ltr'><strong>Quid</strong></span> <span class='ocrx_word' id='word_1_90' title='bbox 943 1307 1020 1370; x_wconf 90' lang='lat' dir='ltr'><strong>illud</strong></span> <span class='ocrx_word' id='word_1_91' title='bbox 1042 1306 1101 1382; x_wconf 86' lang='lat' dir='ltr'><strong>sit,</strong></span> <span class='ocrx_word' id='word_1_92' title='bbox 1133 1316 1229 1390; x_wconf 74' lang='lat' dir='ltr'><strong>rogat</strong></span> <span class='ocrx_word' id='word_1_93' title='bbox 1250 1303 1428 1370; x_wconf 86' lang='lat' dir='ltr'><strong>Arcesilas.</strong></span> 
     </span>
    </p>
   </div>
   <div class='ocr_carea' id='block_1_6' title="bbox 1 1397 1516 1675">
    <p class='ocr_par' dir='ltr' id='par_1_6' title="bbox 1 1397 1516 1675">
     <span class='ocr_line' id='line_1_11' title="bbox 1 1397 1513 1491; baseline -0.005 -21"><span class='ocrx_word' id='word_1_94' title='bbox 1 1465 2 1468; x_wconf 72' lang='grc'>,</span> <span class='ocrx_word' id='word_1_95' title='bbox 108 1403 363 1491; x_wconf 56' lang='grc' dir='ltr'><strong>ΨαμτὰσιάΑᾱ</strong></span> <span class='ocrx_word' id='word_1_96' title='bbox 383 1413 447 1476; x_wconf 88' lang='lat' dir='ltr'><strong>est,</strong></span> <span class='ocrx_word' id='word_1_97' title='bbox 473 1402 576 1464; x_wconf 89' lang='lat' dir='ltr'><strong>visum</strong></span> <span class='ocrx_word' id='word_1_98' title='bbox 599 1402 650 1464; x_wconf 85' lang='lat' dir='ltr'><strong>vel</strong></span> <span class='ocrx_word' id='word_1_99' title='bbox 674 1400 775 1476; x_wconf 80' lang='lat' dir='ltr'><strong>cisio,</strong></span> <span class='ocrx_word' id='word_1_100' title='bbox 807 1411 861 1469; x_wconf 82' lang='lat' dir='ltr'><strong>arrt</strong></span> <span class='ocrx_word' id='word_1_101' title='bbox 883 1401 924 1479; x_wconf 88' lang='lat' dir='ltr'><strong>(si</strong></span> <span class='ocrx_word' id='word_1_102' title='bbox 946 1401 1038 1463; x_wconf 90' lang='lat' dir='ltr'><strong>liceat</strong></span> <span class='ocrx_word' id='word_1_103' title='bbox 1060 1414 1100 1465; x_wconf 87' lang='lat' dir='ltr'><strong>eo</strong></span> <span class='ocrx_word' id='word_1_104' title='bbox 1123 1402 1225 1465; x_wconf 83' lang='lat' dir='ltr'><strong>verbo</strong></span> <span class='ocrx_word' id='word_1_105' title='bbox 1247 1397 1307 1478; x_wconf 63' lang='lat' dir='ltr'><strong>uti)</strong></span> <span class='ocrx_word' id='word_1_106' title='bbox 1329 1417 1428 1480; x_wconf 73' lang='lat' dir='ltr'><strong>eppa·</strong></span> <span class='ocrx_word' id='word_1_107' title='bbox 1508 1423 1513 1435; x_wconf 78' lang='grc'><em>’</em></span> 
     </span>
     <span class='ocr_line' id='line_1_12' title="bbox 1 1482 1516 1578; baseline -0.009 -14"><span class='ocrx_word' id='word_1_108' title='bbox 1 1556 2 1564; x_wconf 73' lang='grc'>,</span> <span class='ocrx_word' id='word_1_109' title='bbox 97 1499 222 1569; x_wconf 80' lang='lat' dir='ltr'><strong>nentia,</strong></span> <span class='ocrx_word' id='word_1_110' title='bbox 247 1499 311 1559; x_wconf 91' lang='lat' dir='ltr'><strong>hoc</strong></span> <span class='ocrx_word' id='word_1_111' title='bbox 333 1509 402 1571; x_wconf 85' lang='lat' dir='ltr'><strong>est,</strong></span> <span class='ocrx_word' id='word_1_112' title='bbox 426 1494 459 1561; x_wconf 83' lang='lat' dir='ltr'><strong>id</strong></span> <span class='ocrx_word' id='word_1_113' title='bbox 480 1497 567 1578; x_wconf 89' lang='lat' dir='ltr'><strong>quod</strong></span> <span class='ocrx_word' id='word_1_114' title='bbox 589 1506 740 1576; x_wconf 86' lang='lat' dir='ltr'><strong>apparet,</strong></span> <span class='ocrx_word' id='word_1_115' title='bbox 767 1494 858 1557; x_wconf 76' lang='lat' dir='ltr'><strong>Zeno</strong></span> <span class='ocrx_word' id='word_1_116' title='bbox 881 1495 935 1557; x_wconf 86' lang='lat' dir='ltr'><strong>ait.</strong></span> <span class='ocrx_word' id='word_1_117' title='bbox 982 1494 1145 1570; x_wconf 90' lang='lat' dir='ltr'><strong>Omnene,</strong></span> <span class='ocrx_word' id='word_1_118' title='bbox 1171 1495 1259 1578; x_wconf 89' lang='lat' dir='ltr'><strong>quod</strong></span> <span class='ocrx_word' id='word_1_119' title='bbox 1280 1482 1426 1574; x_wconf 81' lang='lat' dir='ltr'><strong>apparet,</strong></span> <span class='ocrx_word' id='word_1_120' title='bbox 1514 1563 1516 1572; x_wconf 67' lang='lat'><strong>,</strong></span> 
     </span>
     <span class='ocr_line' id='line_1_13' title="bbox 1 1584 1431 1675; baseline -0.006 -19"><span class='ocrx_word' id='word_1_121' title='bbox 1 1625 2 1628; x_wconf 38' lang='lat'>¹</span> <span class='ocrx_word' id='word_1_122' title='bbox 89 1612 262 1675; x_wconf 74' lang='lat' dir='ltr'><strong>‘omneque</strong></span> <span class='ocrx_word' id='word_1_123' title='bbox 286 1589 391 1653; x_wconf 55' lang='lat' dir='ltr'><strong>visumv</strong></span> <span class='ocrx_word' id='word_1_124' title='bbox 410 1610 522 1654; x_wconf 86' lang='lat' dir='ltr'><strong>verum</strong></span> <span class='ocrx_word' id='word_1_125' title='bbox 545 1599 593 1651; x_wconf 87' lang='lat' dir='ltr'><strong>est</strong></span> <span class='ocrx_word' id='word_1_126' title='bbox 615 1601 709 1674; x_wconf 86' lang='lat' dir='ltr'><strong>atque</strong></span> <span class='ocrx_word' id='word_1_127' title='bbox 732 1587 935 1670; x_wconf 79' lang='lat' dir='ltr'><strong>percipitur?</strong></span> <span class='ocrx_word' id='word_1_128' title='bbox 958 1587 1121 1673; x_wconf 82' lang='lat' dir='ltr'><strong>subiungit</strong></span> <span class='ocrx_word' id='word_1_129' title='bbox 1143 1586 1318 1651; x_wconf 87' lang='lat' dir='ltr'><strong>Arcesilas.</strong></span> <span class='ocrx_word' id='word_1_130' title='bbox 1360 1584 1431 1649; x_wconf 85' lang='lat' dir='ltr'><strong>Ne·</strong></span> 
     </span>
    </p>
   </div>
   <div class='ocr_carea' id='block_1_7' title="bbox 98 1673 1431 1862">
    <p class='ocr_par' dir='ltr' id='par_1_7' title="bbox 98 1673 1431 1862">
     <span class='ocr_line' id='line_1_14' title="bbox 98 1673 1431 1769; baseline -0.004 -24"><span class='ocrx_word' id='word_1_131' title='bbox 98 1707 279 1769; x_wconf 80' lang='lat' dir='ltr'><strong>qaraquaru,</strong></span> <span class='ocrx_word' id='word_1_132' title='bbox 315 1685 411 1747; x_wconf 85' lang='lat' dir='ltr'><strong>Zeno</strong></span> <span class='ocrx_word' id='word_1_133' title='bbox 428 1685 637 1765; x_wconf 61' lang='lat' dir='ltr'><strong>respondet„</strong></span> <span class='ocrx_word' id='word_1_134' title='bbox 660 1704 770 1763; x_wconf 81' lang='lat' dir='ltr'><strong>verum</strong></span> <span class='ocrx_word' id='word_1_135' title='bbox 794 1679 957 1764; x_wconf 82' lang='lat' dir='ltr'><strong>phantasia</strong></span> <span class='ocrx_word' id='word_1_136' title='bbox 978 1682 1050 1758; x_wconf 91' lang='lat' dir='ltr'><strong>illa,</strong></span> <span class='ocrx_word' id='word_1_137' title='bbox 1088 1702 1182 1768; x_wconf 84' lang='lat' dir='ltr'><strong>quarn</strong></span> <span class='ocrx_word' id='word_1_138' title='bbox 1204 1673 1431 1761; x_wconf 87' lang='lat' dir='ltr'><strong>comprehendi</strong></span> 
     </span>
     <span class='ocr_line' id='line_1_15' title="bbox 99 1775 1428 1862; baseline -0.002 -22"><span class='ocrx_word' id='word_1_139' title='bbox 99 1778 196 1852; x_wconf 89' lang='lat' dir='ltr'><strong>dice,</strong></span> <span class='ocrx_word' id='word_1_140' title='bbox 220 1779 287 1842; x_wconf 88' lang='lat' dir='ltr'><strong>sola</strong></span> <span class='ocrx_word' id='word_1_141' title='bbox 310 1798 347 1841; x_wconf 89' lang='lat' dir='ltr'><strong>ea</strong></span> <span class='ocrx_word' id='word_1_142' title='bbox 370 1789 437 1853; x_wconf 86' lang='lat' dir='ltr'><strong>est,</strong></span> <span class='ocrx_word' id='word_1_143' title='bbox 459 1798 541 1862; x_wconf 89' lang='lat' dir='ltr'><strong>quae</strong></span> <span class='ocrx_word' id='word_1_144' title='bbox 565 1777 717 1858; x_wconf 86' lang='lat' dir='ltr'><strong>impressa</strong></span> <span class='ocrx_word' id='word_1_145' title='bbox 739 1775 780 1837; x_wconf 88' lang='lat' dir='ltr'><strong>sit</strong></span> <span class='ocrx_word' id='word_1_146' title='bbox 802 1786 896 1861; x_wconf 82' lang='lat' dir='ltr'><strong>atque</strong></span> <span class='ocrx_word' id='word_1_147' title='bbox 920 1775 1021 1839; x_wconf 87' lang='lat' dir='ltr'><strong>efficta</strong></span> <span class='ocrx_word' id='word_1_148' title='bbox 1043 1797 1085 1841; x_wconf 76' lang='lat' dir='ltr'><strong>es</strong></span> <span class='ocrx_word' id='word_1_149' title='bbox 1106 1797 1165 1851; x_wconf 90' lang='lat' dir='ltr'><strong>eo,</strong></span> <span class='ocrx_word' id='word_1_150' title='bbox 1180 1775 1276 1858; x_wconf 66' lang='lat' dir='ltr'><strong>‘quod</strong></span> <span class='ocrx_word' id='word_1_151' title='bbox 1299 1785 1347 1836; x_wconf 89' lang='lat' dir='ltr'><strong>est</strong></span> <span class='ocrx_word' id='word_1_152' title='bbox 1366 1791 1428 1856; x_wconf 81' lang='lat' dir='ltr'><strong>qna</strong></span> 
     </span>
    </p>
   </div>
   <div class='ocr_carea' id='block_1_8' title="bbox 0 1868 1428 1955">
    <p class='ocr_par' dir='ltr' id='par_1_8' title="bbox 0 1868 1428 1955">
     <span class='ocr_line' id='line_1_16' title="bbox 0 1868 1428 1955; baseline -0.002 -22"><span class='ocrx_word' id='word_1_153' title='bbox 0 1918 2 1921; x_wconf 83' lang='lat'><em>-</em></span> <span class='ocrx_word' id='word_1_154' title='bbox 97 1871 225 1933; x_wconf 84' lang='lat' dir='ltr'><strong>ratione</strong></span> <span class='ocrx_word' id='word_1_155' title='bbox 246 1869 326 1933; x_wconf 86' lang='lat' dir='ltr'><strong>illud</strong></span> <span class='ocrx_word' id='word_1_156' title='bbox 347 1883 413 1947; x_wconf 87' lang='lat' dir='ltr'><strong>est,</strong></span> <span class='ocrx_word' id='word_1_157' title='bbox 445 1870 610 1953; x_wconf 84' lang='lat' dir='ltr'><strong>qualisque</strong></span> <span class='ocrx_word' id='word_1_158' title='bbox 643 1871 729 1934; x_wconf 91' lang='lat' dir='ltr'><strong>nulla</strong></span> <span class='ocrx_word' id='word_1_159' title='bbox 758 1868 862 1952; x_wconf 87' lang='lat' dir='ltr'><strong>possit</strong></span> <span class='ocrx_word' id='word_1_160' title='bbox 892 1870 1003 1935; x_wconf 86' lang='lat' dir='ltr'><strong>offerri</strong></span> <span class='ocrx_word' id='word_1_161' title='bbox 1025 1892 1066 1933; x_wconf 82' lang='lat' dir='ltr'><strong>ex</strong></span> <span class='ocrx_word' id='word_1_162' title='bbox 1088 1891 1127 1934; x_wconf 90' lang='lat' dir='ltr'><strong>eo</strong></span> <span class='ocrx_word' id='word_1_163' title='bbox 1149 1871 1237 1955; x_wconf 77' lang='lat' dir='ltr'><strong>qrrod</strong></span> <span class='ocrx_word' id='word_1_164' title='bbox 1259 1889 1323 1951; x_wconf 80' lang='lat' dir='ltr'><strong>non</strong></span> <span class='ocrx_word' id='word_1_165' title='bbox 1345 1868 1428 1930; x_wconf 84' lang='lat' dir='ltr'><strong>est¹.</strong></span> 
     </span>
    </p>
   </div>
   <div class='ocr_carea' id='block_1_9' title="bbox 94 1959 1453 2045">
    <p class='ocr_par' dir='ltr' id='par_1_9' title="bbox 94 1959 1453 2045">
     <span class='ocr_line' id='line_1_17' title="bbox 94 1959 1453 2045; baseline -0.007 -16"><span class='ocrx_word' id='word_1_166' title='bbox 94 1967 204 2029; x_wconf 82' lang='lat' dir='ltr'><strong>Recte</strong></span> <span class='ocrx_word' id='word_1_167' title='bbox 226 1965 390 2031; x_wconf 83' lang='lat' dir='ltr'><strong>delinitum</strong></span> <span class='ocrx_word' id='word_1_168' title='bbox 413 1964 776 2038; x_wconf 76' lang='lat' dir='ltr'><strong>concessirAreesitas,</strong></span> <span class='ocrx_word' id='word_1_169' title='bbox 800 1962 1039 2041; x_wconf 80' lang='lat' dir='ltr'><strong>tamennullam</strong></span> <span class='ocrx_word' id='word_1_170' title='bbox 1062 1962 1215 2029; x_wconf 81' lang='lat' dir='ltr'><strong>eitrsmodi</strong></span> <span class='ocrx_word' id='word_1_171' title='bbox 1233 1959 1428 2045; x_wconf 84' lang='lat' dir='ltr'><strong>phantasiam</strong></span> <span class='ocrx_word' id='word_1_172' title='bbox 1449 2006 1453 2020; x_wconf 88' lang='grc'><strong><em>,</em></strong></span> 
     </span>
    </p>
   </div>
   <div class='ocr_carea' id='block_1_10' title="bbox 0 2057 1591 2425">
    <p class='ocr_par' dir='ltr' id='par_1_10' title="bbox 0 2057 1591 2425">
     <span class='ocr_line' id='line_1_18' title="bbox 2 2057 1429 2143; baseline -0.002 -21"><span class='ocrx_word' id='word_1_173' title='bbox 2 2124 7 2137; x_wconf 71' lang='grc'><strong><em>,</em></strong></span> <span class='ocrx_word' id='word_1_174' title='bbox 97 2061 206 2134; x_wconf 76' lang='lat' dir='ltr'><strong>essc2,</strong></span> <span class='ocrx_word' id='word_1_175' title='bbox 230 2071 349 2123; x_wconf 84' lang='lat' dir='ltr'><strong>utnon</strong></span> <span class='ocrx_word' id='word_1_176' title='bbox 370 2059 481 2125; x_wconf 81' lang='lat' dir='ltr'><strong>similis</strong></span> <span class='ocrx_word' id='word_1_177' title='bbox 504 2058 583 2134; x_wconf 85' lang='lat' dir='ltr'><strong>alia,</strong></span> <span class='ocrx_word' id='word_1_178' title='bbox 608 2071 639 2121; x_wconf 91' lang='lat' dir='ltr'><strong>et</strong></span> <span class='ocrx_word' id='word_1_179' title='bbox 660 2079 742 2143; x_wconf 89' lang='lat' dir='ltr'><strong>quae</strong></span> <span class='ocrx_word' id='word_1_180' title='bbox 765 2059 804 2119; x_wconf 88' lang='lat' dir='ltr'><strong>ab</strong></span> <span class='ocrx_word' id='word_1_181' title='bbox 826 2057 879 2121; x_wconf 88' lang='lat' dir='ltr'><strong>illa</strong></span> <span class='ocrx_word' id='word_1_182' title='bbox 903 2079 967 2124; x_wconf 91' lang='lat' dir='ltr'><strong>non</strong></span> <span class='ocrx_word' id='word_1_183' title='bbox 990 2059 1205 2134; x_wconf 69' lang='lat' dir='ltr'><strong>discernatur,</strong></span> <span class='ocrx_word' id='word_1_184' title='bbox 1241 2058 1270 2119; x_wconf 92' lang='lat' dir='ltr'><strong>id</strong></span> <span class='ocrx_word' id='word_1_185' title='bbox 1293 2067 1364 2132; x_wconf 87' lang='lat' dir='ltr'><strong>est,</strong></span> <span class='ocrx_word' id='word_1_186' title='bbox 1381 2066 1429 2119; x_wconf 82' lang='lat' dir='ltr'><strong>-ttt</strong></span> 
     </span>
     <span class='ocr_line' id='line_1_19' title="bbox 0 2145 1428 2239; baseline -0.004 -22"><span class='ocrx_word' id='word_1_187' title='bbox 0 2203 25 2230; x_wconf 65' lang='lat'><strong>,</strong></span> <span class='ocrx_word' id='word_1_188' title='bbox 90 2154 243 2236; x_wconf 88' lang='lat' dir='ltr'><strong>ipsorum</strong></span> <span class='ocrx_word' id='word_1_189' title='bbox 271 2152 381 2227; x_wconf 76' lang='lat' dir='ltr'><strong>verbis</strong></span> <span class='ocrx_word' id='word_1_190' title='bbox 408 2153 597 2236; x_wconf 84' lang='lat' dir='ltr'><strong>loquamur,</strong></span> <span class='ocrx_word' id='word_1_191' title='bbox 630 2146 816 2237; x_wconf 81' lang='grc' dir='ltr'><em>,ὁμοιοτάτη</em></span> <span class='ocrx_word' id='word_1_192' title='bbox 845 2154 901 2232; x_wconf 75' lang='lat' dir='ltr'><strong>aad</strong></span> <span class='ocrx_word' id='word_1_193' title='bbox 926 2145 1150 2239; x_wconf 62' lang='lat' dir='ltr'><strong>sideniapesm&#39;,</strong></span> <span class='ocrx_word' id='word_1_194' title='bbox 1177 2172 1202 2213; x_wconf 89' lang='lat' dir='ltr'><strong>·a</strong></span> <span class='ocrx_word' id='word_1_195' title='bbox 1230 2151 1314 2215; x_wconf 82' lang='lat' dir='ltr'><strong>salso</strong></span> <span class='ocrx_word' id='word_1_196' title='bbox 1336 2148 1428 2213; x_wconf 83' lang='lat' dir='ltr'><strong>etiarn</strong></span> 
     </span>
     <span class='ocr_line' id='line_1_20' title="bbox 0 2242 1591 2329; baseline -0.005 -17"><span class='ocrx_word' id='word_1_197' title='bbox 0 2303 2 2319; x_wconf 54' lang='lat'><strong>,</strong></span> <span class='ocrx_word' id='word_1_198' title='bbox 95 2246 197 2312; x_wconf 86' lang='lat' dir='ltr'><strong>obiici</strong></span> <span class='ocrx_word' id='word_1_199' title='bbox 225 2245 340 2328; x_wconf 82' lang='lat' dir='ltr'><strong>possit.</strong></span> <span class='ocrx_word' id='word_1_200' title='bbox 395 2247 488 2311; x_wconf 84' lang='lat' dir='ltr'><strong>Hanc</strong></span> <span class='ocrx_word' id='word_1_201' title='bbox 516 2245 692 2329; x_wconf 85' lang='lat' dir='ltr'><strong>speciosam</strong></span> <span class='ocrx_word' id='word_1_202' title='bbox 721 2245 797 2310; x_wconf 86' lang='lat' dir='ltr'><strong>helii</strong></span> <span class='ocrx_word' id='word_1_203' title='bbox 826 2265 950 2309; x_wconf 74' lang='lat' dir='ltr'><strong>sarisam</strong></span> <span class='ocrx_word' id='word_1_204' title='bbox 983 2245 1043 2327; x_wconf 88' lang='lat' dir='ltr'><strong>ipsi</strong></span> <span class='ocrx_word' id='word_1_205' title='bbox 1071 2242 1256 2320; x_wconf 84' lang='lat' dir='ltr'><strong>Academici</strong></span> <span class='ocrx_word' id='word_1_206' title='bbox 1283 2251 1426 2327; x_wconf 82' lang='lat' dir='ltr'><strong>narrant.</strong></span> <span class='ocrx_word' id='word_1_207' title='bbox 1588 2278 1591 2286; x_wconf 76' lang='lat'><em>=</em></span> 
     </span>
     <span class='ocr_line' id='line_1_21' title="bbox 0 2330 1512 2425; baseline -0.003 -22"><span class='ocrx_word' id='word_1_208' title='bbox 0 2410 1 2419; x_wconf 11' lang='grc' dir='ltr'>ἦ</span> <span class='ocrx_word' id='word_1_209' title='bbox 96 2341 254 2420; x_wconf 80' lang='lat' dir='ltr'><strong>Quodsi</strong></span> <span class='ocrx_word' id='word_1_210' title='bbox 282 2339 330 2416; x_wconf 91' lang='lat' dir='ltr'><strong>id,</strong></span> <span class='ocrx_word' id='word_1_211' title='bbox 369 2343 457 2424; x_wconf 86' lang='lat' dir='ltr'><strong>quod</strong></span> <span class='ocrx_word' id='word_1_212' title='bbox 485 2340 530 2404; x_wconf 92' lang='lat' dir='ltr'><strong>D.</strong></span> <span class='ocrx_word' id='word_1_213' title='bbox 553 2339 776 2425; x_wconf 73' lang='lat' dir='ltr'><strong>Augrtstiurrs‘’</strong></span> <span class='ocrx_word' id='word_1_214' title='bbox 805 2337 923 2414; x_wconf 85' lang='lat' dir='ltr'><strong>credit,</strong></span> <span class='ocrx_word' id='word_1_215' title='bbox 962 2360 1073 2403; x_wconf 87' lang='lat' dir='ltr'><strong>verum</strong></span> <span class='ocrx_word' id='word_1_216' title='bbox 1103 2338 1144 2404; x_wconf 88' lang='lat' dir='ltr'><strong>sit</strong></span> <span class='ocrx_word' id='word_1_217' title='bbox 1165 2338 1425 2410; x_wconf 73' lang='lat' dir='ltr'><strong>existimandum,</strong></span> <span class='ocrx_word' id='word_1_218' title='bbox 1508 2330 1512 2337; x_wconf 47' lang='lat'>‘</span> 
     </span>
    </p>
   </div>
   <div class='ocr_carea' id='block_1_11' title="bbox 3 2429 1505 2516">
    <p class='ocr_par' dir='ltr' id='par_1_11' title="bbox 3 2429 1505 2516">
     <span class='ocr_line' id='line_1_22' title="bbox 3 2429 1505 2516; baseline -0.004 -19"><span class='ocrx_word' id='word_1_219' title='bbox 3 2474 4 2481; x_wconf 26' lang='grc' dir='ltr'><strong>κ</strong></span> <span class='ocrx_word' id='word_1_220' title='bbox 64 2432 381 2499; x_wconf 79' lang='lat' dir='ltr'><strong>&#39;honestiorctiam</strong></span> <span class='ocrx_word' id='word_1_221' title='bbox 403 2433 567 2498; x_wconf 84' lang='lat' dir='ltr'><strong>Arcesilae</strong></span> <span class='ocrx_word' id='word_1_222' title='bbox 590 2446 620 2497; x_wconf 90' lang='lat' dir='ltr'><strong>et</strong></span> <span class='ocrx_word' id='word_1_223' title='bbox 644 2431 908 2505; x_wconf 79' lang='lat' dir='ltr'><strong>Academicorum</strong></span> <span class='ocrx_word' id='word_1_224' title='bbox 931 2445 1114 2508; x_wconf 71' lang='lat' dir='ltr'><strong>causaest,</strong></span> <span class='ocrx_word' id='word_1_225' title='bbox 1150 2452 1242 2516; x_wconf 82' lang='lat' dir='ltr'><strong>qrram</strong></span> <span class='ocrx_word' id='word_1_226' title='bbox 1261 2432 1318 2495; x_wconf 82' lang='lat' dir='ltr'><strong>uel</strong></span> <span class='ocrx_word' id='word_1_227' title='bbox 1339 2429 1427 2514; x_wconf 84' lang='lat' dir='ltr'><strong>ipsos</strong></span> <span class='ocrx_word' id='word_1_228' title='bbox 1502 2504 1505 2511; x_wconf 13' lang='grc' dir='ltr'><strong>Ἰ</strong></span> 
     </span>
    </p>
   </div>
   <div class='ocr_carea' id='block_1_12' title="bbox 96 2523 1481 2613">
    <p class='ocr_par' dir='ltr' id='par_1_12' title="bbox 96 2523 1481 2613">
     <span class='ocr_line' id='line_1_23' title="bbox 96 2523 1481 2613; baseline -0.002 -23"><span class='ocrx_word' id='word_1_229' title='bbox 96 2549 164 2613; x_wconf 78' lang='lat' dir='ltr'><strong>ego</strong></span> <span class='ocrx_word' id='word_1_230' title='bbox 189 2525 326 2591; x_wconf 88' lang='lat' dir='ltr'><strong>voluisse</strong></span> <span class='ocrx_word' id='word_1_231' title='bbox 348 2527 552 2591; x_wconf 86' lang='lat' dir='ltr'><strong>crediderim.</strong></span> <span class='ocrx_word' id='word_1_232' title='bbox 610 2528 667 2591; x_wconf 89' lang='lat' dir='ltr'><strong>Ait</strong></span> <span class='ocrx_word' id='word_1_233' title='bbox 688 2526 790 2607; x_wconf 84' lang='lat' dir='ltr'><strong>enim,</strong></span> <span class='ocrx_word' id='word_1_234' title='bbox 829 2546 925 2608; x_wconf 69' lang='lat' dir='ltr'><strong>qurum</strong></span> <span class='ocrx_word' id='word_1_235' title='bbox 949 2526 1041 2591; x_wconf 88' lang='lat' dir='ltr'><strong>Zeno</strong></span> <span class='ocrx_word' id='word_1_236' title='bbox 1064 2547 1080 2588; x_wconf 92' lang='lat' dir='ltr'><strong>a</strong></span> <span class='ocrx_word' id='word_1_237' title='bbox 1104 2523 1427 2590; x_wconf 80' lang='lat' dir='ltr'><strong>Platonis-Polemo·</strong></span> <span class='ocrx_word' id='word_1_238' title='bbox 1458 2560 1481 2587; x_wconf 62' lang='lat'><em>2</em></span> 
     </span>
    </p>
   </div>
   <div class='ocr_carea' id='block_1_13' title="bbox 88 2612 1443 2707">
    <p class='ocr_par' dir='ltr' id='par_1_13' title="bbox 0 2612 1443 2707">
     <span class='ocr_line' id='line_1_24' title="bbox 88 2612 1443 2707; baseline -0.004 -22.366"><span class='ocrx_word' id='word_1_239' title='bbox 88 2624 212 2705; x_wconf 80' lang='lat' dir='ltr'><strong>uisque</strong></span> <span class='ocrx_word' id='word_1_240' title='bbox 234 2621 376 2707; x_wconf 77' lang='lat' dir='ltr'><strong>magistri</strong></span> <span class='ocrx_word' id='word_1_241' title='bbox 398 2621 550 2687; x_wconf 78' lang='lat' dir='ltr'><strong>sententia</strong></span> <span class='ocrx_word' id='word_1_242' title='bbox 574 2634 684 2702; x_wconf 86' lang='lat' dir='ltr'><strong>aperte</strong></span> <span class='ocrx_word' id='word_1_243' title='bbox 707 2622 872 2687; x_wconf 85' lang='lat' dir='ltr'><strong>discedens</strong></span> <span class='ocrx_word' id='word_1_244' title='bbox 893 2621 970 2703; x_wconf 75' lang='lat' dir='ltr'><strong>nihil</strong></span> <span class='ocrx_word' id='word_1_245' title='bbox 983 2619 1024 2683; x_wconf 87' lang='lat' dir='ltr'><strong>·in</strong></span> <span class='ocrx_word' id='word_1_246' title='bbox 1045 2612 1153 2686; x_wconf 88' lang='lat' dir='ltr'><strong>rernm</strong></span> <span class='ocrx_word' id='word_1_247' title='bbox 1173 2630 1287 2685; x_wconf 86' lang='lat' dir='ltr'><strong>natura</strong></span> <span class='ocrx_word' id='word_1_248' title='bbox 1302 2628 1443 2701; x_wconf 43' lang='lat' dir='ltr'><strong>praeter,</strong></span> 
     </span>
    </p>
   </div>
   <div class='ocr_carea' id='block_1_14' title="bbox 8 2713 1428 2798">
    <p class='ocr_par' dir='ltr' id='par_1_14' title="bbox 8 2713 1428 2798">
     <span class='ocr_line' id='line_1_25' title="bbox 8 2713 1428 2798; baseline -0.004 -20"><span class='ocrx_word' id='word_1_249' title='bbox 8 2774 10 2778; x_wconf 87' lang='lat'><strong>.</strong></span> <span class='ocrx_word' id='word_1_250' title='bbox 96 2737 241 2797; x_wconf 87' lang='lat' dir='ltr'><strong>corpora</strong></span> <span class='ocrx_word' id='word_1_251' title='bbox 271 2737 340 2778; x_wconf 88' lang='lat' dir='ltr'><strong>esse</strong></span> <span class='ocrx_word' id='word_1_252' title='bbox 372 2718 577 2790; x_wconf 86' lang='lat' dir='ltr'><strong>concederet,</strong></span> <span class='ocrx_word' id='word_1_253' title='bbox 617 2728 650 2781; x_wconf 91' lang='lat' dir='ltr'><strong>nt</strong></span> <span class='ocrx_word' id='word_1_254' title='bbox 678 2729 710 2780; x_wconf 89' lang='lat' dir='ltr'><strong>et</strong></span> <span class='ocrx_word' id='word_1_255' title='bbox 738 2716 841 2798; x_wconf 91' lang='lat' dir='ltr'><strong>ipsum</strong></span> <span class='ocrx_word' id='word_1_256' title='bbox 863 2718 967 2783; x_wconf 88' lang='lat' dir='ltr'><strong>Deum</strong></span> <span class='ocrx_word' id='word_1_257' title='bbox 991 2713 1174 2795; x_wconf 82' lang='lat' dir='ltr'><strong>animosque</strong></span> <span class='ocrx_word' id='word_1_258' title='bbox 1196 2727 1337 2794; x_wconf 81' lang='lat' dir='ltr'><strong>corpora</strong></span> <span class='ocrx_word' id='word_1_259' title='bbox 1358 2730 1428 2783; x_wconf 80' lang='lat' dir='ltr'><strong>esse</strong></span> 
     </span>
    </p>
   </div>
   <div class='ocr_carea' id='block_1_15' title="bbox 1 3050 10 3089">
    <p class='ocr_par' dir='ltr' id='par_1_15' title="bbox 1 3050 10 3089">
     <span class='ocr_line' id='line_1_26' title="bbox 1 3050 10 3089; baseline 0 0"><span class='ocrx_word' id='word_1_260' title='bbox 1 3050 10 3089; x_wconf 86' lang='lat' dir='ltr'><strong>t</strong></span> 
     </span>
    </p>
   </div>
   <div class='ocr_carea' id='block_1_16' title="bbox 0 2803 1426 2989">
    <p class='ocr_par' dir='ltr' id='par_1_16' title="bbox 0 2803 1426 2989">
     <span class='ocr_line' id='line_1_27' title="bbox 0 2803 1426 2896; baseline -0.004 -25"><span class='ocrx_word' id='word_1_261' title='bbox 0 2866 4 2885; x_wconf 73' lang='grc'><strong>,,</strong></span> <span class='ocrx_word' id='word_1_262' title='bbox 97 2809 237 2884; x_wconf 87' lang='lat' dir='ltr'><strong>diceret,</strong></span> <span class='ocrx_word' id='word_1_263' title='bbox 277 2808 456 2895; x_wconf 70' lang='lat' dir='ltr'><strong>Arcesilam</strong></span> <span class='ocrx_word' id='word_1_264' title='bbox 478 2811 757 2896; x_wconf 68' lang='lat' dir='ltr'><strong>celatd‘tamquam</strong></span> <span class='ocrx_word' id='word_1_265' title='bbox 780 2810 933 2892; x_wconf 89' lang='lat' dir='ltr'><strong>mysterio</strong></span> <span class='ocrx_word' id='word_1_266' title='bbox 960 2806 1112 2893; x_wconf 77' lang='lat' dir='ltr'><strong>quispiam</strong></span> <span class='ocrx_word' id='word_1_267' title='bbox 1132 2807 1170 2868; x_wconf 92' lang='lat' dir='ltr'><strong>de</strong></span> <span class='ocrx_word' id='word_1_268' title='bbox 1193 2804 1249 2882; x_wconf 89' lang='lat' dir='ltr'><strong>iis,</strong></span> <span class='ocrx_word' id='word_1_269' title='bbox 1274 2825 1355 2889; x_wconf 70' lang='lat' dir='ltr'><strong>quiae</strong></span> <span class='ocrx_word' id='word_1_270' title='bbox 1378 2803 1426 2866; x_wconf 92' lang='lat' dir='ltr'><strong>in·</strong></span> 
     </span>
     <span class='ocr_line' id='line_1_28' title="bbox 0 2896 1426 2989; baseline -0.004 -24"><span class='ocrx_word' id='word_1_271' title='bbox 0 2963 5 2984; x_wconf 43' lang='lat'><em>2</em></span> <span class='ocrx_word' id='word_1_272' title='bbox 91 2901 273 2986; x_wconf 64' lang='lat' dir='ltr'><strong>colligentia</strong></span> <span class='ocrx_word' id='word_1_273' title='bbox 295 2902 533 2985; x_wconf 86' lang='lat' dir='ltr'><strong>percipiuntur,</strong></span> <span class='ocrx_word' id='word_1_274' title='bbox 569 2915 600 2965; x_wconf 91' lang='lat' dir='ltr'><strong>et</strong></span> <span class='ocrx_word' id='word_1_275' title='bbox 623 2906 661 2966; x_wconf 90' lang='lat' dir='ltr'><strong>de</strong></span> <span class='ocrx_word' id='word_1_276' title='bbox 684 2905 798 2989; x_wconf 85' lang='lat' dir='ltr'><strong>quibus</strong></span> <span class='ocrx_word' id='word_1_277' title='bbox 821 2904 898 2969; x_wconf 90' lang='lat' dir='ltr'><strong>solis</strong></span> <span class='ocrx_word' id='word_1_278' title='bbox 929 2899 1059 2967; x_wconf 79' lang='lat' dir='ltr'><strong>scicntia</strong></span> <span class='ocrx_word' id='word_1_279' title='bbox 1087 2919 1235 2984; x_wconf 86' lang='lat' dir='ltr'><strong>veraque·</strong></span> <span class='ocrx_word' id='word_1_280' title='bbox 1258 2896 1426 2981; x_wconf 87' lang='lat' dir='ltr'><strong>perceptio</strong></span> 
     </span>
    </p>
   </div>
   <div class='ocr_carea' id='block_1_17' title="bbox 96 2991 1431 3082">
    <p class='ocr_par' dir='ltr' id='par_1_17' title="bbox 96 2991 1431 3082">
     <span class='ocr_line' id='line_1_29' title="bbox 96 2991 1431 3082; baseline -0.005 -23"><span class='ocrx_word' id='word_1_281' title='bbox 96 3017 170 3059; x_wconf 89' lang='lat' dir='ltr'><strong>esse</strong></span> <span class='ocrx_word' id='word_1_282' title='bbox 192 3008 316 3077; x_wconf 88' lang='lat' dir='ltr'><strong>potest,</strong></span> <span class='ocrx_word' id='word_1_283' title='bbox 340 2998 484 3062; x_wconf 89' lang='lat' dir='ltr'><strong>Platonis</strong></span> <span class='ocrx_word' id='word_1_284' title='bbox 506 2997 689 3073; x_wconf 75' lang='lat' dir='ltr'><strong>sententiat,</strong></span> <span class='ocrx_word' id='word_1_285' title='bbox 704 3002 800 3082; x_wconf 81' lang='lat' dir='ltr'><strong>qtrrrin</strong></span> <span class='ocrx_word' id='word_1_286' title='bbox 822 2997 900 3062; x_wconf 91' lang='lat' dir='ltr'><strong>nihil</strong></span> <span class='ocrx_word' id='word_1_287' title='bbox 922 3018 940 3059; x_wconf 93' lang='lat' dir='ltr'><strong>a</strong></span> <span class='ocrx_word' id='word_1_288' title='bbox 962 2997 1094 3059; x_wconf 89' lang='lat' dir='ltr'><strong>Zenone</strong></span> <span class='ocrx_word' id='word_1_289' title='bbox 1115 2993 1259 3059; x_wconf 88' lang='lat' dir='ltr'><strong>relictum</strong></span> <span class='ocrx_word' id='word_1_290' title='bbox 1283 2991 1431 3066; x_wconf 72' lang='lat' dir='ltr'><strong>videret,-</strong></span> 
     </span>
    </p>
   </div>
   <div class='ocr_carea' id='block_1_18' title="bbox 8 3088 1427 3175">
    <p class='ocr_par' dir='ltr' id='par_1_18' title="bbox 8 3088 1427 3175">
     <span class='ocr_line' id='line_1_30' title="bbox 8 3088 1427 3175; baseline -0.002 -23"><span class='ocrx_word' id='word_1_291' title='bbox 8 3149 9 3152; x_wconf 74' lang='grc'>,</span> <span class='ocrx_word' id='word_1_292' title='bbox 97 3092 140 3153; x_wconf 92' lang='lat' dir='ltr'><strong>de</strong></span> <span class='ocrx_word' id='word_1_293' title='bbox 172 3109 234 3172; x_wconf 87' lang='lat' dir='ltr'><strong>qua</strong></span> <span class='ocrx_word' id='word_1_294' title='bbox 265 3090 414 3172; x_wconf 89' lang='lat' dir='ltr'><strong>opinione</strong></span> <span class='ocrx_word' id='word_1_295' title='bbox 442 3091 574 3173; x_wconf 87' lang='lat' dir='ltr'><strong>amplius</strong></span> <span class='ocrx_word' id='word_1_296' title='bbox 602 3091 677 3175; x_wconf 82' lang='lat' dir='ltr'><strong>quid</strong></span> <span class='ocrx_word' id='word_1_297' title='bbox 707 3114 776 3155; x_wconf 88' lang='lat' dir='ltr'><strong>esse</strong></span> <span class='ocrx_word' id='word_1_298' title='bbox 797 3103 926 3174; x_wconf 84' lang='lat' dir='ltr'><strong>posset,</strong></span> <span class='ocrx_word' id='word_1_299' title='bbox 964 3088 1281 3171; x_wconf 84' lang='lat' dir='ltr'><strong>comprehensionem</strong></span> <span class='ocrx_word' id='word_1_300' title='bbox 1302 3092 1427 3151; x_wconf 86' lang='lat' dir='ltr'><strong>omnem</strong></span> 
     </span>
    </p>
   </div>
   <div class='ocr_carea' id='block_1_19' title="bbox 98 3180 1492 3269">
    <p class='ocr_par' dir='ltr' id='par_1_19' title="bbox 0 3180 1492 3269">
     <span class='ocr_line' id='line_1_31' title="bbox 98 3180 1492 3269; baseline -0.003 -23.328"><span class='ocrx_word' id='word_1_301' title='bbox 98 3181 223 3262; x_wconf 86' lang='lat' dir='ltr'><strong>optimo</strong></span> <span class='ocrx_word' id='word_1_302' title='bbox 246 3181 314 3245; x_wconf 91' lang='lat' dir='ltr'><strong>iure</strong></span> <span class='ocrx_word' id='word_1_303' title='bbox 337 3186 506 3247; x_wconf 86' lang='lat' dir='ltr'><strong>secundum</strong></span> <span class='ocrx_word' id='word_1_304' title='bbox 529 3185 674 3248; x_wconf 88' lang='lat' dir='ltr'><strong>Platonis</strong></span> <span class='ocrx_word' id='word_1_305' title='bbox 700 3187 828 3251; x_wconf 86' lang='lat' dir='ltr'><strong>decreta</strong></span> <span class='ocrx_word' id='word_1_306' title='bbox 858 3185 1083 3269; x_wconf 81' lang='lat' dir='ltr'><strong>impugnasse,</strong></span> <span class='ocrx_word' id='word_1_307' title='bbox 1122 3202 1182 3256; x_wconf 85' lang='lat' dir='ltr'><strong>nec</strong></span> <span class='ocrx_word' id='word_1_308' title='bbox 1209 3180 1436 3265; x_wconf 75' lang='lat' dir='ltr'><strong>cognitionem</strong></span> <span class='ocrx_word' id='word_1_309' title='bbox 1488 3180 1492 3188; x_wconf 76' lang='grc'><strong>“</strong></span> 
     </span>
    </p>
   </div>
   <div class='ocr_carea' id='block_1_20' title="bbox 0 3274 1426 3747">
    <p class='ocr_par' dir='ltr' id='par_1_20' title="bbox 1 3273 1425 3461">
     <span class='ocr_line' id='line_1_32' title="bbox 47 3274 1424 3358; baseline -0.001 -18.032"><span class='ocrx_word' id='word_1_310' title='bbox 47 3299 54 3303; x_wconf 93' lang='grc'>·</span> <span class='ocrx_word' id='word_1_311' title='bbox 95 3274 190 3338; x_wconf 84' lang='lat' dir='ltr'><strong>aliam</strong></span> <span class='ocrx_word' id='word_1_312' title='bbox 214 3288 306 3358; x_wconf 85' lang='lat' dir='ltr'><strong>qnam</strong></span> <span class='ocrx_word' id='word_1_313' title='bbox 329 3276 511 3358; x_wconf 86' lang='lat' dir='ltr'><strong>opinionem</strong></span> <span class='ocrx_word' id='word_1_314' title='bbox 533 3279 659 3342; x_wconf 89' lang='lat' dir='ltr'><strong>Zenoni</strong></span> <span class='ocrx_word' id='word_1_315' title='bbox 681 3281 858 3345; x_wconf 79' lang='lat' dir='ltr'><strong>concedere</strong></span> <span class='ocrx_word' id='word_1_316' title='bbox 882 3279 1037 3344; x_wconf 76' lang='lat' dir='ltr'><strong>relisisse.</strong></span> <span class='ocrx_word' id='word_1_317' title='bbox 1093 3277 1198 3357; x_wconf 82' lang='lat' dir='ltr'><strong>Quum</strong></span> <span class='ocrx_word' id='word_1_318' title='bbox 1228 3276 1424 3339; x_wconf 75' lang='lat' dir='ltr'><strong>verozano</strong></span> 
     </span>
     <span class='ocr_line' id='line_1_33' title="bbox 97 3364 1425 3451; baseline -0.004 -16.337"><span class='ocrx_word' id='word_1_319' title='bbox 97 3364 228 3451; x_wconf 71' lang='lat' dir='ltr'><strong>optineri</strong></span> <span class='ocrx_word' id='word_1_320' title='bbox 249 3369 455 3451; x_wconf 88' lang='lat' dir='ltr'><strong>prohiberet,</strong></span> <span class='ocrx_word' id='word_1_321' title='bbox 493 3371 660 3435; x_wconf 87' lang='lat' dir='ltr'><strong>Arcesilas</strong></span> <span class='ocrx_word' id='word_1_322' title='bbox 684 3375 801 3438; x_wconf 89' lang='lat' dir='ltr'><strong>merito</strong></span> <span class='ocrx_word' id='word_1_323' title='bbox 822 3371 969 3437; x_wconf 90' lang='lat' dir='ltr'><strong>assentiri</strong></span> <span class='ocrx_word' id='word_1_324' title='bbox 992 3371 1086 3435; x_wconf 88' lang='lat' dir='ltr'><strong>ctiam</strong></span> <span class='ocrx_word' id='word_1_325' title='bbox 1108 3369 1221 3433; x_wconf 84' lang='lat' dir='ltr'><strong>vetuit.</strong></span> <span class='ocrx_word' id='word_1_326' title='bbox 1276 3370 1358 3432; x_wconf 81' lang='lat' dir='ltr'><strong>Nam</strong></span> <span class='ocrx_word' id='word_1_327' title='bbox 1387 3369 1425 3431; x_wconf 82' lang='lat' dir='ltr'><strong>ds</strong></span> 
     </span>
    </p>

    <p class='ocr_par' dir='ltr' id='par_1_21' title="bbox 0 3461 1426 3747">
     <span class='ocr_line' id='line_1_34' title="bbox 97 3461 1425 3549; baseline -0.006 -21"><span class='ocrx_word' id='word_1_328' title='bbox 97 3462 313 3542; x_wconf 80' lang='lat' dir='ltr'><strong>corporibus,</strong></span> <span class='ocrx_word' id='word_1_329' title='bbox 351 3463 381 3526; x_wconf 92' lang='lat' dir='ltr'><strong>id</strong></span> <span class='ocrx_word' id='word_1_330' title='bbox 411 3474 476 3539; x_wconf 90' lang='lat' dir='ltr'><strong>est,</strong></span> <span class='ocrx_word' id='word_1_331' title='bbox 494 3461 496 3463; x_wconf 57' lang='grc'><strong><em>’</em></strong></span> <span class='ocrx_word' id='word_1_332' title='bbox 513 3486 576 3529; x_wconf 91' lang='lat' dir='ltr'><strong>non</strong></span> <span class='ocrx_word' id='word_1_333' title='bbox 609 3466 692 3529; x_wconf 84' lang='lat' dir='ltr'><strong>veris</strong></span> <span class='ocrx_word' id='word_1_334' title='bbox 714 3470 830 3544; x_wconf 88' lang='lat' dir='ltr'><strong>rebus,</strong></span> <span class='ocrx_word' id='word_1_335' title='bbox 865 3464 997 3549; x_wconf 89' lang='lat' dir='ltr'><strong>opinio,</strong></span> <span class='ocrx_word' id='word_1_336' title='bbox 1035 3486 1099 3528; x_wconf 89' lang='lat' dir='ltr'><strong>non</strong></span> <span class='ocrx_word' id='word_1_337' title='bbox 1122 3463 1327 3547; x_wconf 29' lang='lat' dir='ltr'><strong>scientia-faut</strong></span> <span class='ocrx_word' id='word_1_338' title='bbox 1349 3480 1425 3525; x_wconf 84' lang='lat' dir='ltr'><strong>vers</strong></span> 
     </span>
     <span class='ocr_line' id='line_1_35' title="bbox 0 3556 1425 3646; baseline -0.005 -25"><span class='ocrx_word' id='word_1_339' title='bbox 0 3628 1 3631; x_wconf 8' lang='grc' dir='ltr'><strong>Ἴ</strong></span> <span class='ocrx_word' id='word_1_340' title='bbox 96 3556 344 3638; x_wconf 79' lang='lat' dir='ltr'><strong>comprehensio</strong></span> <span class='ocrx_word' id='word_1_341' title='bbox 381 3567 442 3618; x_wconf 90' lang='lat' dir='ltr'><strong>est.</strong></span> <span class='ocrx_word' id='word_1_342' title='bbox 497 3559 666 3623; x_wconf 86' lang='lat' dir='ltr'><strong>Platonica</strong></span> <span class='ocrx_word' id='word_1_343' title='bbox 703 3564 785 3646; x_wconf 77' lang='lat' dir='ltr'><strong>erg‘o</strong></span> <span class='ocrx_word' id='word_1_344' title='bbox 820 3560 968 3644; x_wconf 60' lang='lat' dir='ltr'><strong>depurata</strong></span> <span class='ocrx_word' id='word_1_345' title='bbox 1003 3557 1267 3624; x_wconf 81' lang='lat' dir='ltr'><strong>Academicorum</strong></span> <span class='ocrx_word' id='word_1_346' title='bbox 1298 3558 1425 3619; x_wconf 87' lang='lat' dir='ltr'><strong>decreta</strong></span> 
     </span>
     <span class='ocr_line' id='line_1_36' title="bbox 2 3650 1426 3747; baseline -0.005 -31"><span class='ocrx_word' id='word_1_347' title='bbox 2 3724 4 3747; x_wconf 17' lang='lat' dir='ltr'><strong>f</strong></span> <span class='ocrx_word' id='word_1_348' title='bbox 97 3650 201 3714; x_wconf 81' lang='lat' dir='ltr'><strong>fuisse</strong></span> <span class='ocrx_word' id='word_1_349' title='bbox 231 3650 452 3734; x_wconf 85' lang='lat' dir='ltr'><strong>Augustinus⁵</strong></span> <span class='ocrx_word' id='word_1_350' title='bbox 480 3653 540 3715; x_wconf 89' lang='lat' dir='ltr'><strong>sibi</strong></span> <span class='ocrx_word' id='word_1_351' title='bbox 567 3653 742 3735; x_wconf 76' lang='lat' dir='ltr'><strong>persuasit,</strong></span> <span class='ocrx_word' id='word_1_352' title='bbox 782 3676 862 3738; x_wconf 86' lang='lat' dir='ltr'><strong>qnae</strong></span> <span class='ocrx_word' id='word_1_353' title='bbox 894 3666 995 3716; x_wconf 89' lang='lat' dir='ltr'><strong>tamen</strong></span> <span class='ocrx_word' id='word_1_354' title='bbox 1016 3653 1078 3735; x_wconf 89' lang='lat' dir='ltr'><strong>ipsi</strong></span> <span class='ocrx_word' id='word_1_355' title='bbox 1100 3652 1258 3726; x_wconf 82' lang='lat' dir='ltr'><strong>celarent,</strong></span> <span class='ocrx_word' id='word_1_356' title='bbox 1297 3671 1355 3713; x_wconf 89' lang='lat' dir='ltr'><strong>nec</strong></span> <span class='ocrx_word' id='word_1_357' title='bbox 1377 3651 1426 3727; x_wconf 90' lang='lat' dir='ltr'><strong>(ut</strong></span> 
     </span>
    </p>
   </div>
   <div class='ocr_carea' id='block_1_21' title="bbox 0 3836 1545 3921">
    <p class='ocr_par' dir='ltr' id='par_1_22' title="bbox 0 3836 1545 3921">
     <span class='ocr_line' id='line_1_37' title="bbox 0 3836 1545 3921; baseline -0.004 -18"><span class='ocrx_word' id='word_1_358' title='bbox 0 3836 3 3845; x_wconf 40' lang='lat'><strong>³</strong></span> <span class='ocrx_word' id='word_1_359' title='bbox 96 3841 140 3903; x_wconf 87' lang='lat' dir='ltr'><strong>ad</strong></span> <span class='ocrx_word' id='word_1_360' title='bbox 167 3848 359 3917; x_wconf 87' lang='lat' dir='ltr'><strong>senectutem</strong></span> <span class='ocrx_word' id='word_1_361' title='bbox 393 3860 493 3921; x_wconf 87' lang='lat' dir='ltr'><strong>usqne</strong></span> <span class='ocrx_word' id='word_1_362' title='bbox 525 3839 694 3903; x_wconf 77' lang='lat' dir='ltr'><strong>visissent.</strong></span> <span class='ocrx_word' id='word_1_363' title='bbox 750 3842 873 3905; x_wconf 89' lang='lat' dir='ltr'><strong>Verum</strong></span> <span class='ocrx_word' id='word_1_364' title='bbox 902 3836 1066 3905; x_wconf 85' lang='lat' dir='ltr'><strong>enimvero</strong></span> <span class='ocrx_word' id='word_1_365' title='bbox 1099 3860 1203 3905; x_wconf 85' lang='lat' dir='ltr'><strong>novae</strong></span> <span class='ocrx_word' id='word_1_366' title='bbox 1234 3837 1438 3904; x_wconf 66' lang='lat' dir='ltr'><strong>Academiae,</strong></span> <span class='ocrx_word' id='word_1_367' title='bbox 1540 3855 1545 3865; x_wconf 85' lang='lat'><strong>·</strong></span> 
     </span>
    </p>
   </div>
   <div class='ocr_carea' id='block_1_22' title="bbox 94 3743 1430 3839">
    <p class='ocr_par' dir='ltr' id='par_1_23' title="bbox 94 3743 1430 3839">
     <span class='ocr_line' id='line_1_38' title="bbox 94 3743 1430 3839; baseline -0.004 -30"><span class='ocrx_word' id='word_1_368' title='bbox 94 3743 289 3809; x_wconf 84' lang='lat' dir='ltr'><strong>Ciceronem</strong></span> <span class='ocrx_word' id='word_1_369' title='bbox 309 3744 471 3826; x_wconf 86' lang='lat' dir='ltr'><strong>scripsisse</strong></span> <span class='ocrx_word' id='word_1_370' title='bbox 488 3748 631 3826; x_wconf 84' lang='lat' dir='ltr'><strong>testatur)</strong></span> <span class='ocrx_word' id='word_1_371' title='bbox 647 3768 682 3809; x_wconf 91' lang='lat' dir='ltr'><strong>ea</strong></span> <span class='ocrx_word' id='word_1_372' title='bbox 699 3749 824 3830; x_wconf 87' lang='lat' dir='ltr'><strong>aperire</strong></span> <span class='ocrx_word' id='word_1_373' title='bbox 847 3746 987 3811; x_wconf 87' lang='lat' dir='ltr'><strong>solerent</strong></span> <span class='ocrx_word' id='word_1_374' title='bbox 1009 3747 1096 3821; x_wconf 88' lang='lat' dir='ltr'><strong>aliis,</strong></span> <span class='ocrx_word' id='word_1_375' title='bbox 1121 3766 1213 3830; x_wconf 85' lang='lat' dir='ltr'><strong>quam</strong></span> <span class='ocrx_word' id='word_1_376' title='bbox 1238 3743 1292 3830; x_wconf 88' lang='lat' dir='ltr'><strong>qui</strong></span> <span class='ocrx_word' id='word_1_377' title='bbox 1314 3762 1430 3839; x_wconf 80' lang='lat' dir='ltr'><strong>secmp·</strong></span> 
     </span>
    </p>
   </div>
   <div class='ocr_carea' id='block_1_23' title="bbox 0 3928 1452 4303">
    <p class='ocr_par' dir='ltr' id='par_1_24' title="bbox 0 3928 1452 4303">
     <span class='ocr_line' id='line_1_39' title="bbox 95 3928 1424 4033; baseline -0.004 -38.334"><span class='ocrx_word' id='word_1_378' title='bbox 95 3928 256 3995; x_wconf 83' lang='lat' dir='ltr'><strong>rationem</strong></span> <span class='ocrx_word' id='word_1_379' title='bbox 279 3931 459 3995; x_wconf 85' lang='lat' dir='ltr'><strong>universam</strong></span> <span class='ocrx_word' id='word_1_380' title='bbox 480 3953 578 4017; x_wconf 89' lang='lat' dir='ltr'><strong>quum</strong></span> <span class='ocrx_word' id='word_1_381' title='bbox 601 3935 641 3996; x_wconf 87' lang='lat' dir='ltr'><strong>ad</strong></span> <span class='ocrx_word' id='word_1_382' title='bbox 667 3934 866 4001; x_wconf 84' lang='lat' dir='ltr'><strong>Carneadem</strong></span> <span class='ocrx_word' id='word_1_383' title='bbox 889 3957 999 4000; x_wconf 87' lang='lat' dir='ltr'><strong>verum</strong></span> <span class='ocrx_word' id='word_1_384' title='bbox 1022 3934 1089 3999; x_wconf 89' lang='lat' dir='ltr'><strong>eius</strong></span> <span class='ocrx_word' id='word_1_385' title='bbox 1112 3945 1274 3998; x_wconf 83' lang='lat' dir='ltr'><strong>arrctorem</strong></span> <span class='ocrx_word' id='word_1_386' title='bbox 1297 3938 1424 4033; x_wconf 67' lang='lat' dir='ltr'><strong>putum</strong></span> 
     </span>
     <span class='ocr_line' id='line_1_40' title="bbox 1 4025 1426 4109; baseline 0.001 -23"><span class='ocrx_word' id='word_1_387' title='bbox 1 4080 7 4107; x_wconf 18' lang='grc' dir='ltr'><strong>ᾖ</strong></span> <span class='ocrx_word' id='word_1_388' title='bbox 93 4025 215 4098; x_wconf 72' lang='lat' dir='ltr'><strong>snserit,</strong></span> <span class='ocrx_word' id='word_1_389' title='bbox 247 4026 481 4089; x_wconf 83' lang='lat' dir='ltr'><strong>describemus:</strong></span> <span class='ocrx_word' id='word_1_390' title='bbox 512 4046 647 4109; x_wconf 82' lang='lat' dir='ltr'><strong>namque</strong></span> <span class='ocrx_word' id='word_1_391' title='bbox 676 4029 854 4099; x_wconf 87' lang='lat' dir='ltr'><strong>Arcesilam</strong></span> <span class='ocrx_word' id='word_1_392' title='bbox 879 4050 997 4093; x_wconf 88' lang='lat' dir='ltr'><strong>merum</strong></span> <span class='ocrx_word' id='word_1_393' title='bbox 1019 4029 1236 4107; x_wconf 86' lang='lat' dir='ltr'><strong>Pyrrhonium</strong></span> <span class='ocrx_word' id='word_1_394' title='bbox 1258 4026 1317 4094; x_wconf 87' lang='lat' dir='ltr'><strong>sub</strong></span> <span class='ocrx_word' id='word_1_395' title='bbox 1339 4025 1426 4088; x_wconf 78' lang='lat' dir='ltr'><strong>Aca·</strong></span> 
     </span>
     <span class='ocr_line' id='line_1_41' title="bbox 5 4117 1423 4209; baseline -0.003 -26.014"><span class='ocrx_word' id='word_1_396' title='bbox 5 4118 7 4125; x_wconf 54' lang='lat'><strong>⁴</strong></span> <span class='ocrx_word' id='word_1_397' title='bbox 94 4119 213 4183; x_wconf 88' lang='lat' dir='ltr'><strong>deruici</strong></span> <span class='ocrx_word' id='word_1_398' title='bbox 234 4120 360 4185; x_wconf 86' lang='lat' dir='ltr'><strong>nomine</strong></span> <span class='ocrx_word' id='word_1_399' title='bbox 380 4119 480 4184; x_wconf 86' lang='lat' dir='ltr'><strong>fuisse</strong></span> <span class='ocrx_word' id='word_1_400' title='bbox 502 4120 645 4205; x_wconf 90' lang='lat' dir='ltr'><strong>plerique</strong></span> <span class='ocrx_word' id='word_1_401' title='bbox 660 4143 769 4186; x_wconf 83' lang='lat' dir='ltr'><strong>ornnes</strong></span> <span class='ocrx_word' id='word_1_402' title='bbox 790 4121 997 4186; x_wconf 87' lang='lat' dir='ltr'><strong>tradiderunt.</strong></span> <span class='ocrx_word' id='word_1_403' title='bbox 1042 4121 1348 4209; x_wconf 50' lang='lat' dir='ltr'><strong>Sextnstagnam</strong></span> <span class='ocrx_word' id='word_1_404' title='bbox 1363 4117 1423 4180; x_wconf 83' lang='lat' dir='ltr'><strong>sibi</strong></span> 
     </span>
     <span class='ocr_line' id='line_1_42' title="bbox 0 4210 1452 4303; baseline -0.003 -26"><span class='ocrx_word' id='word_1_405' title='bbox 0 4294 1 4303; x_wconf 9' lang='grc' dir='ltr'>ἵ</span> <span class='ocrx_word' id='word_1_406' title='bbox 96 4212 202 4277; x_wconf 67' lang='lat' dir='ltr'><strong>mesni</strong></span> <span class='ocrx_word' id='word_1_407' title='bbox 232 4215 349 4276; x_wconf 79' lang='lat' dir='ltr'><strong>babere</strong></span> <span class='ocrx_word' id='word_1_408' title='bbox 378 4213 557 4279; x_wconf 85' lang='lat' dir='ltr'><strong>Arcesilam</strong></span> <span class='ocrx_word' id='word_1_409' title='bbox 587 4236 660 4276; x_wconf 90' lang='lat' dir='ltr'><strong>cnm</strong></span> <span class='ocrx_word' id='word_1_410' title='bbox 689 4217 947 4296; x_wconf 85' lang='lat' dir='ltr'><strong>Pyrrhoniorurn</strong></span> <span class='ocrx_word' id='word_1_411' title='bbox 977 4218 1084 4280; x_wconf 89' lang='lat' dir='ltr'><strong>verbis</strong></span> <span class='ocrx_word' id='word_1_412' title='bbox 1118 4215 1307 4299; x_wconf 57' lang='lat' dir='ltr'><strong>affinitatem,</strong></span> <span class='ocrx_word' id='word_1_413' title='bbox 1328 4210 1422 4287; x_wconf 89' lang='lat' dir='ltr'><strong>dicit,</strong></span> <span class='ocrx_word' id='word_1_414' title='bbox 1450 4239 1452 4244; x_wconf 96' lang='lat'>·</span> 
     </span>
    </p>
   </div>
   <div class='ocr_carea' id='block_1_24' title="bbox 95 4303 1425 4391">
    <p class='ocr_par' dir='ltr' id='par_1_25' title="bbox 95 4303 1425 4391">
     <span class='ocr_line' id='line_1_43' title="bbox 95 4303 1425 4391; baseline -0.006 -19"><span class='ocrx_word' id='word_1_415' title='bbox 95 4309 144 4372; x_wconf 88' lang='lat' dir='ltr'><strong>ita</strong></span> <span class='ocrx_word' id='word_1_416' title='bbox 165 4320 199 4368; x_wconf 85' lang='lat' dir='ltr'><strong>ut</strong></span> <span class='ocrx_word' id='word_1_417' title='bbox 222 4310 330 4373; x_wconf 88' lang='lat' dir='ltr'><strong>eadem</strong></span> <span class='ocrx_word' id='word_1_418' title='bbox 353 4311 584 4391; x_wconf 80' lang='lat' dir='ltr'><strong>propemodum</strong></span> <span class='ocrx_word' id='word_1_419' title='bbox 606 4309 770 4391; x_wconf 85' lang='lat' dir='ltr'><strong>disciplina</strong></span> <span class='ocrx_word' id='word_1_420' title='bbox 797 4311 865 4373; x_wconf 89' lang='lat' dir='ltr'><strong>eius</strong></span> <span class='ocrx_word' id='word_1_421' title='bbox 888 4309 988 4377; x_wconf 82' lang='lat' dir='ltr'><strong>sitae</strong></span> <span class='ocrx_word' id='word_1_422' title='bbox 1010 4308 1204 4391; x_wconf 85' lang='lat' dir='ltr'><strong>Pyrrhonis.</strong></span> <span class='ocrx_word' id='word_1_423' title='bbox 1249 4303 1425 4377; x_wconf 79' lang='lat' dir='ltr'><strong>Ntrmcnids</strong></span> 
     </span>
    </p>
   </div>
   <div class='ocr_carea' id='block_1_25' title="bbox 95 4393 1547 4484">
    <p class='ocr_par' dir='ltr' id='par_1_26' title="bbox 95 4393 1547 4484">
     <span class='ocr_line' id='line_1_44' title="bbox 95 4393 1547 4484; baseline -0.003 -22"><span class='ocrx_word' id='word_1_424' title='bbox 95 4403 183 4482; x_wconf 73' lang='lat' dir='ltr'><strong>apsrd</strong></span> <span class='ocrx_word' id='word_1_425' title='bbox 212 4401 424 4477; x_wconf 71' lang='lat' dir='ltr'><strong>Eusebium&#39;,</strong></span> <span class='ocrx_word' id='word_1_426' title='bbox 462 4403 638 4467; x_wconf 87' lang='lat' dir='ltr'><strong>Arcesilam</strong></span> <span class='ocrx_word' id='word_1_427' title='bbox 667 4414 700 4473; x_wconf 87' lang='lat' dir='ltr'><strong>et</strong></span> <span class='ocrx_word' id='word_1_428' title='bbox 729 4403 897 4469; x_wconf 83' lang='lat' dir='ltr'><strong>Crantoris</strong></span> <span class='ocrx_word' id='word_1_429' title='bbox 926 4415 958 4467; x_wconf 85' lang='lat' dir='ltr'><strong>ct</strong></span> <span class='ocrx_word' id='word_1_430' title='bbox 981 4401 1201 4484; x_wconf 83' lang='lat' dir='ltr'><strong>Theophrasti</strong></span> <span class='ocrx_word' id='word_1_431' title='bbox 1222 4398 1434 4481; x_wconf 68' lang='lat' dir='ltr'><strong>Diodorique,</strong></span> <span class='ocrx_word' id='word_1_432' title='bbox 1542 4393 1547 4411; x_wconf 58' lang='lat'>⁸</span> 
     </span>
    </p>
   </div>
   <div class='ocr_carea' id='block_1_26' title="bbox 2 4495 1424 4583">
    <p class='ocr_par' dir='ltr' id='par_1_27' title="bbox 2 4495 1424 4583">
     <span class='ocr_line' id='line_1_45' title="bbox 2 4495 1424 4583; baseline -0.005 -22"><span class='ocrx_word' id='word_1_433' title='bbox 2 4498 3 4501; x_wconf 61' lang='grc'>’</span> <span class='ocrx_word' id='word_1_434' title='bbox 96 4508 195 4577; x_wconf 76' lang='lat' dir='ltr'><strong>atquc</strong></span> <span class='ocrx_word' id='word_1_435' title='bbox 225 4496 406 4575; x_wconf 86' lang='lat' dir='ltr'><strong>Pyrrhonis</strong></span> <span class='ocrx_word' id='word_1_436' title='bbox 436 4495 601 4576; x_wconf 89' lang='lat' dir='ltr'><strong>disciplina</strong></span> <span class='ocrx_word' id='word_1_437' title='bbox 630 4495 782 4563; x_wconf 88' lang='lat' dir='ltr'><strong>imbutum</strong></span> <span class='ocrx_word' id='word_1_438' title='bbox 813 4509 844 4561; x_wconf 87' lang='lat' dir='ltr'><strong>et</strong></span> <span class='ocrx_word' id='word_1_439' title='bbox 874 4504 1026 4563; x_wconf 82' lang='lat' dir='ltr'><strong>armatum</strong></span> <span class='ocrx_word' id='word_1_440' title='bbox 1056 4501 1097 4562; x_wconf 87' lang='lat' dir='ltr'><strong>ad</strong></span> <span class='ocrx_word' id='word_1_441' title='bbox 1124 4497 1328 4581; x_wconf 85' lang='lat' dir='ltr'><strong>pugnandum</strong></span> <span class='ocrx_word' id='word_1_442' title='bbox 1345 4512 1424 4583; x_wconf 72' lang='lat' dir='ltr'><strong>vcum</strong></span> 
     </span>
    </p>
   </div>
   <div class='ocr_carea' id='block_1_27' title="bbox 93 4583 1426 4675">
    <p class='ocr_par' dir='ltr' id='par_1_28' title="bbox 93 4583 1426 4675">
     <span class='ocr_line' id='line_1_46' title="bbox 93 4583 1426 4675; baseline 0.002 -26"><span class='ocrx_word' id='word_1_443' title='bbox 93 4592 232 4656; x_wconf 85' lang='lat' dir='ltr'><strong>Zenone</strong></span> <span class='ocrx_word' id='word_1_444' title='bbox 263 4588 468 4663; x_wconf 82' lang='lat' dir='ltr'><strong>accessisse⁸,</strong></span> <span class='ocrx_word' id='word_1_445' title='bbox 506 4588 633 4665; x_wconf 86' lang='lat' dir='ltr'><strong>scribit,</strong></span> <span class='ocrx_word' id='word_1_446' title='bbox 675 4610 784 4655; x_wconf 88' lang='lat' dir='ltr'><strong>verum</strong></span> <span class='ocrx_word' id='word_1_447' title='bbox 813 4602 939 4670; x_wconf 89' lang='lat' dir='ltr'><strong>praeter</strong></span> <span class='ocrx_word' id='word_1_448' title='bbox 966 4601 1213 4675; x_wconf 83' lang='lat' dir='ltr'><strong>cognomentum</strong></span> <span class='ocrx_word' id='word_1_449' title='bbox 1240 4583 1426 4653; x_wconf 84' lang='lat' dir='ltr'><strong>Academici</strong></span> 
     </span>
    </p>
   </div>
   <div class='ocr_carea' id='block_1_28' title="bbox 94 4744 1533 5054">
    <p class='ocr_par' dir='ltr' id='par_1_29' title="bbox 94 4744 1533 5054">
     <span class='ocr_line' id='line_1_47' title="bbox 174 4744 1492 4832; baseline 0.001 -25"><span class='ocrx_word' id='word_1_450' title='bbox 174 4752 210 4829; x_wconf 84' lang='lat'><strong>(1)</strong></span> <span class='ocrx_word' id='word_1_451' title='bbox 230 4757 288 4809; x_wconf 81' lang='lat' dir='ltr'><strong>Cic.</strong></span> <span class='ocrx_word' id='word_1_452' title='bbox 308 4761 338 4808; x_wconf 86' lang='lat' dir='ltr'><strong>tn</strong></span> <span class='ocrx_word' id='word_1_453' title='bbox 357 4755 482 4813; x_wconf 86' lang='lat' dir='ltr'><strong>Lucullo.</strong></span> <span class='ocrx_word' id='word_1_454' title='bbox 520 4755 557 4832; x_wconf 77' lang='lat'><strong>(2)</strong></span> <span class='ocrx_word' id='word_1_455' title='bbox 576 4754 779 4830; x_wconf 78' lang='lat' dir='ltr'><strong>VideAngust.</strong></span> <span class='ocrx_word' id='word_1_456' title='bbox 801 4773 896 4811; x_wconf 73' lang='lat' dir='ltr'><strong>corstra</strong></span> <span class='ocrx_word' id='word_1_457' title='bbox 917 4756 1004 4816; x_wconf 79' lang='lat' dir='ltr'><strong>Acad.</strong></span> <span class='ocrx_word' id='word_1_458' title='bbox 1019 4744 1085 4812; x_wconf 70' lang='lat' dir='ltr'><strong>”Len</strong></span> <span class='ocrx_word' id='word_1_459' title='bbox 1100 4765 1125 4819; x_wconf 73' lang='lat'><strong>5.</strong></span> <span class='ocrx_word' id='word_1_460' title='bbox 1141 4757 1172 4812; x_wconf 91' lang='lat' dir='ltr'><strong>C.</strong></span> <span class='ocrx_word' id='word_1_461' title='bbox 1186 4761 1212 4814; x_wconf 89' lang='lat'><strong>9.</strong></span> <span class='ocrx_word' id='word_1_462' title='bbox 1251 4755 1425 4832; x_wconf 79' lang='lat' dir='ltr'><strong>(³)E&#39;ptcret.</strong></span> <span class='ocrx_word' id='word_1_463' title='bbox 1489 4779 1492 4783; x_wconf 56' lang='grc'>’</span> 
     </span>
     <span class='ocr_line' id='line_1_48' title="bbox 95 4830 1424 4907; baseline 0.001 -23"><span class='ocrx_word' id='word_1_464' title='bbox 95 4836 208 4896; x_wconf 60' lang='lat' dir='ltr'><strong>Argian.</strong></span> <span class='ocrx_word' id='word_1_465' title='bbox 231 4831 291 4884; x_wconf 83' lang='lat' dir='ltr'><strong>tib.</strong></span> <span class='ocrx_word' id='word_1_466' title='bbox 312 4837 338 4886; x_wconf 88' lang='grc'><strong>2.</strong></span> <span class='ocrx_word' id='word_1_467' title='bbox 360 4832 391 4884; x_wconf 89' lang='lat' dir='ltr'><strong>C.</strong></span> <span class='ocrx_word' id='word_1_468' title='bbox 413 4838 456 4888; x_wconf 82' lang='lat'><strong>20.</strong></span> <span class='ocrx_word' id='word_1_469' title='bbox 497 4832 536 4905; x_wconf 67' lang='lat' dir='ltr'><strong>(l)</strong></span> <span class='ocrx_word' id='word_1_470' title='bbox 564 4832 626 4886; x_wconf 91' lang='lat' dir='ltr'><strong>Lib.</strong></span> <span class='ocrx_word' id='word_1_471' title='bbox 653 4837 679 4892; x_wconf 73' lang='grc' dir='ltr'><strong>ὅ.</strong></span> <span class='ocrx_word' id='word_1_472' title='bbox 706 4849 803 4886; x_wconf 84' lang='lat' dir='ltr'><strong>eontra</strong></span> <span class='ocrx_word' id='word_1_473' title='bbox 830 4832 916 4889; x_wconf 80' lang='lat' dir='ltr'><strong>Acad.</strong></span> <span class='ocrx_word' id='word_1_474' title='bbox 942 4838 972 4889; x_wconf 88' lang='lat' dir='ltr'><strong>C.</strong></span> <span class='ocrx_word' id='word_1_475' title='bbox 993 4840 1044 4892; x_wconf 35' lang='lat'><strong>«17.</strong></span> <span class='ocrx_word' id='word_1_476' title='bbox 1091 4833 1127 4907; x_wconf 87' lang='lat'><strong>(⁵)</strong></span> <span class='ocrx_word' id='word_1_477' title='bbox 1156 4836 1260 4887; x_wconf 77' lang='lat' dir='ltr'><strong>Contra</strong></span> <span class='ocrx_word' id='word_1_478' title='bbox 1289 4834 1336 4887; x_wconf 76' lang='lat' dir='ltr'><strong>Ac.</strong></span> <span class='ocrx_word' id='word_1_479' title='bbox 1356 4830 1375 4884; x_wconf 87' lang='lat' dir='ltr'><strong>l.</strong></span> <span class='ocrx_word' id='word_1_480' title='bbox 1397 4836 1424 4891; x_wconf 76' lang='lat'><strong>5.</strong></span> 
     </span>
     <span class='ocr_line' id='line_1_49' title="bbox 94 4904 1533 4984; baseline 0 -25"><span class='ocrx_word' id='word_1_481' title='bbox 94 4926 123 4959; x_wconf 85' lang='lat' dir='ltr'><strong>c.</strong></span> <span class='ocrx_word' id='word_1_482' title='bbox 151 4912 197 4962; x_wconf 73' lang='lat'><strong>90·</strong></span> <span class='ocrx_word' id='word_1_483' title='bbox 223 4908 247 4973; x_wconf 80' lang='lat'><strong>§·</strong></span> <span class='ocrx_word' id='word_1_484' title='bbox 274 4906 318 4967; x_wconf 71' lang='grc'><strong>45.</strong></span> <span class='ocrx_word' id='word_1_485' title='bbox 369 4906 412 4981; x_wconf 44' lang='lat'><strong>(⁶,</strong></span> <span class='ocrx_word' id='word_1_486' title='bbox 434 4908 574 4983; x_wconf 82' lang='lat' dir='ltr'><strong>Hypotyp.</strong></span> <span class='ocrx_word' id='word_1_487' title='bbox 599 4908 620 4962; x_wconf 88' lang='lat' dir='ltr'><strong>l.</strong></span> <span class='ocrx_word' id='word_1_488' title='bbox 649 4917 674 4967; x_wconf 83' lang='lat'><strong>1.</strong></span> <span class='ocrx_word' id='word_1_489' title='bbox 700 4925 726 4967; x_wconf 83' lang='lat' dir='ltr'><strong>e.</strong></span> <span class='ocrx_word' id='word_1_490' title='bbox 746 4915 790 4970; x_wconf 70' lang='lat'><strong>55.</strong></span> <span class='ocrx_word' id='word_1_491' title='bbox 811 4911 832 4976; x_wconf 67' lang='grc' dir='ltr'><strong>ς.</strong></span> <span class='ocrx_word' id='word_1_492' title='bbox 854 4913 919 4972; x_wconf 65' lang='lat'><strong>25¹4.</strong></span> <span class='ocrx_word' id='word_1_493' title='bbox 959 4904 999 4984; x_wconf 67' lang='grc' dir='ltr'><strong>(ἵ)</strong></span> <span class='ocrx_word' id='word_1_494' title='bbox 1028 4912 1154 4983; x_wconf 77' lang='lat' dir='ltr'><strong>Praepsr.</strong></span> <span class='ocrx_word' id='word_1_495' title='bbox 1180 4907 1198 4962; x_wconf 91' lang='lat' dir='ltr'><strong>l.</strong></span> <span class='ocrx_word' id='word_1_496' title='bbox 1227 4915 1276 4975; x_wconf 75' lang='lat' dir='ltr'><strong>tt,</strong></span> <span class='ocrx_word' id='word_1_497' title='bbox 1303 4915 1328 4968; x_wconf 85' lang='grc'><strong>5,</strong></span> <span class='ocrx_word' id='word_1_498' title='bbox 1349 4924 1376 4960; x_wconf 83' lang='lat' dir='ltr'><strong>et</strong></span> <span class='ocrx_word' id='word_1_499' title='bbox 1397 4909 1423 4964; x_wconf 82' lang='lat'><strong>6.</strong></span> <span class='ocrx_word' id='word_1_500' title='bbox 1530 4936 1533 4945; x_wconf 78' lang='grc'><strong><em>·</em></strong></span> 
     </span>
     <span class='ocr_line' id='line_1_50' title="bbox 96 4979 1350 5054; baseline 0.004 -20"><span class='ocrx_word' id='word_1_501' title='bbox 96 4983 137 5054; x_wconf 66' lang='grc' dir='ltr'><strong>(Β)</strong></span> <span class='ocrx_word' id='word_1_502' title='bbox 158 4979 220 5034; x_wconf 83' lang='lat' dir='ltr'><strong>vid.</strong></span> <span class='ocrx_word' id='word_1_503' title='bbox 240 4983 331 5035; x_wconf 69' lang='lat' dir='ltr'><strong>Lsdrt.</strong></span> <span class='ocrx_word' id='word_1_504' title='bbox 353 4986 382 5034; x_wconf 86' lang='lat' dir='ltr'><strong>in</strong></span> <span class='ocrx_word' id='word_1_505' title='bbox 402 4985 496 5037; x_wconf 80' lang='lat' dir='ltr'><strong>Aroes.</strong></span> <span class='ocrx_word' id='word_1_506' title='bbox 806 4984 811 4999; x_wconf 88' lang='lat'><strong><em>‘</em></strong></span> <span class='ocrx_word' id='word_1_507' title='bbox 975 5011 988 5021; x_wconf 42' lang='lat' dir='ltr'><strong>a</strong></span> <span class='ocrx_word' id='word_1_508' title='bbox 1338 4982 1350 4989; x_wconf 47' lang='grc'><strong>“</strong></span> 
     </span>
    </p>
   </div>
   <div class='ocr_carea' id='block_1_29' title="bbox 553 5132 677 5191">
    <p class='ocr_par' dir='ltr' id='par_1_30' title="bbox 553 5132 677 5191">
     <span class='ocr_line' id='line_1_51' title="bbox 553 5132 677 5191; baseline 0 -55"><span class='ocrx_word' id='word_1_509' title='bbox 553 5132 677 5191; x_wconf 41' lang='grc' dir='ltr'><strong>,Η</strong></span> 
     </span>
    </p>
   </div>
   <div class='ocr_carea' id='block_1_30' title="bbox 0 0 1618 5488">
    <p class='ocr_par' dir='ltr' id='par_1_31' title="bbox 0 0 1618 5488">
     <span class='ocr_line' id='line_1_52' title="bbox 0 0 1618 5488; baseline 0 2"><span class='ocrx_word' id='word_1_510' title='bbox 0 0 1618 5488; x_wconf 95' lang='lat' dir='ltr'><strong> </strong></span> 
     </span>
    </p>
   </div>
  </div>
 </body>
</html>
