3188 5492
1461 264 1469 296 l

218 400 284 487 sui
443 422 507 489 DE
531 423 717 490 Ftulssus
739 423 975 503 BONDRUM
997 424 1060 489 ΕΤ
1082 422 1331 490 MALORUM
1390 392 1393 403 ¹
1447 464 1450 481 .

220 563 362 642 reliciat,
385 584 446 629 nec
467 584 549 630 vero
564 567 653 629 sese¹
676 563 739 651 ipsi
754 577 944 631 accusarent
958 567 1002 631 ob
1017 586 1085 630 cam
1100 586 1246 642 causam,
1271 566 1530 648 quaerentum
1578 596 1580 611 ³

221 658 288 721 stris
310 658 426 722 rebus³
450 657 648 747 cousuluisse
671 657 825 723 dicerent.
885 662 1010 725 Eorum
1031 658 1114 724 enim
1136 669 1187 723 est
1205 658 1307 731 uacet
1328 662 1470 745 querela,
1489 663 1531 746 qui

223 749 285 815 sibi
307 751 371 815 cari
394 762 485 829 sunt,
509 773 643 837 seseque
665 752 816 839 diligunt.
861 753 989 837 Quare,
1009 752 1262 838 quotiescunque
1280 751 1402 818 dicetur
1416 755 1492 818 tuala
1501 759 1531 819 de
1578 768 1580 777 ’

220 867 257 908 se
277 845 371 930 quis⁵
395 846 529 924 mereri,
554 847 678 932 sibique
700 870 770 913 esse
791 847 935 913 iuimicus
958 848 1196 934 atquebostis,
1225 847 1323 917 vitam
1345 848 1475 935 denique
1492 849 1531 913 lu·

222 961 321 1025 gere:
345 938 544 1024 intelligitur
565 940 701 1028 aliquam
724 945 855 1007 subesse
878 941 1035 1008 eiusmodi
1056 962 1202 1021 causetu,
1227 951 1266 1007 ut
1286 962 1329 1005 ex
1350 963 1391 1005 eo
1412 940 1479 1039 ipsp
1495 944 1532 1005 in·

221 1033 325 1119 telligi
346 1033 480 1118 possit⁶,
513 1034 574 1099 sibi
596 1058 754 1123 quemque
784 1058 854 1101 esse
876 1058 999 1102 carum.
1043 1037 1098 1101 30.
1121 1038 1192 1101 Neo
1213 1056 1297 1100 vero
1319 1034 1397 1100 satis
1418 1047 1464 1099 cst
1482 1035 1531 1112 idl,

184 1210 186 1215 Ι
223 1130 378 1194 nerninem
401 1148 489 1207 esse,
514 1129 570 1216 qui
591 1129 660 1214 ipse
682 1153 717 1195 se
740 1131 864 1195 oderit:
887 1134 945 1195 sed
965 1128 1044 1194 illud
1065 1150 1196 1218 quoque
1217 1128 1455 1214 intelligendum
1468 1131 1532 1205 esti,
1578 1126 1580 1149 ⁴

223 1222 377 1289 nemiuem
400 1243 490 1301 esse,
525 1222 599 1307 qui,
631 1245 698 1309 quo
722 1228 821 1290 modo
843 1247 878 1288 se
899 1226 1033 1302 babeat,
1062 1224 1141 1289 nihil
1161 1244 1219 1289 sua
1240 1236 1367 1288 censeat
1389 1223 1532 1288 interesse.

209 1320 373 1387 .Tolletttr
395 1318 477 1380 enim
499 1320 659 1401 appetitus
682 1318 796 1395 enimi,
829 1318 875 1396 ei,
910 1331 945 1382 ut
966 1317 1000 1381 in
1020 1317 1082 1383 iis⁹
1109 1320 1223 1397 rebus,
1257 1317 1341 1381 inter
1369 1340 1451 1405 quas
1475 1315 1534 1381 nihl

220 1415 376 1490 interest,
407 1423 550 1475 neutram
579 1412 612 1477 in
641 1426 764 1496 partem
795 1412 1025 1498 propensiores
1054 1414 1210 1490 sumusw,
1241 1410 1314 1475 item
1343 1412 1375 1475 in
1399 1412 1534 1477 nobismet

222 1507 299 1590 ipsis
313 1552 328 1583 ,,
380 1507 649 1607 quemadmodum
696 1509 807 1576 allecti
847 1511 1006 1587 simusss,
1058 1510 1135 1574 nibil
1177 1520 1289 1573 nostra
1330 1505 1533 1570 arbitrabimur
1579 1522 1580 1527 ¹

220 1603 385 1666 interesse.

305 1696 371 1759 Xl.
393 1692 503 1780 Atque
525 1694 619 1759 stiam
641 1697 737 1773 illud,
772 1700 799 1765 si
821 1699 893 1787 quis
913 1699 1021 1764 dicere
1043 1697 1139 1773 velit,
1172 1695 1408 1781 perabsurdum
1431 1688 1483 1755 sit:
1500 1691 1533 1754 ita

222 1789 312 1876 diligi
334 1811 351 1851 a
374 1806 442 1851 sese
464 1794 669 1874 quemque¹²,
694 1804 728 1856 ut
749 1814 787 1857 ea
808 1795 859 1859 vis
882 1791 1035 1879 diligendi
1058 1793 1097 1854 ad
1118 1789 1211 1853 aliam
1225 1808 1293 1852 rem
1309 1787 1484 1870 quampiam
1495 1808 1533 1848 re·

156 1956 158 1963 ¹
219 1885 361 1954 feratur.
383 1903 451 1947 non
475 1884 516 1946 ad
538 1905 608 1948 eum
630 1885 754 1970 ipsum,
777 1888 834 1971 qui
854 1889 961 1953 sese¹³
976 1886 1101 1972 diligat.
1145 1885 1221 1947 Hoc
1235 1904 1335 1969 qurum
1349 1885 1382 1945 in
1398 1880 1531 1955 amicitiis,

221 1982 319 2064 quum
341 1975 373 2039 in
396 1974 526 2055 officiis,
564 2000 661 2065 qttttm
683 1979 714 2043 in
738 1979 910 2046 virtutibus
933 1979 1067 2056 dicitur,
1103 1978 1398 2065 quomodocunque
1419 1974 1531 2059 dicitur,

221 2069 356 2155 intelligi
377 2079 503 2147 tamen,
527 2070 604 2157 quid
626 2072 769 2149 dictim,
792 2085 919 2157 potest3
961 2074 995 2138 in
1017 2072 1176 2139 nobismet
1195 2082 1300 2134 autent
1314 2066 1394 2152 ipsis
1409 2067 1533 2134 neintel·

118 2225 121 2229 .
164 2194 166 2201 ¹
218 2148 277 2252 ligi
300 2165 445 2254 quidem,
478 2175 514 2227 ut
535 2177 672 2248 propter
693 2167 787 2231 aliam
807 2168 987 2255 qutampiam
1012 2190 1101 2247 rem,
1135 2165 1230 2231 verbi
1259 2165 1384 2250 gratia,
1419 2173 1533 2247 propter
1578 2236 1580 2261 4

219 2252 431 2343 ioluptatem
445 2280 505 2323 uos
520 2262 706 2337 amemus²⁴3
721 2274 858 2347 propter
866 2283 925 2327 nos
937 2262 1019 2327 enim
1027 2262 1199 2337 illam‚uon
1206 2270 1344 2346 propter
1350 2279 1422 2323 eam
1433 2265 1534 2322 nosmet

220 2356 309 2439 ipsos
331 2352 504 2438 diligimus.
548 2354 602 2419 31.
625 2348 827 2444 Quamquam
850 2358 927 2451 quid
948 2368 1014 2434 est,
1039 2358 1127 2442 quod
1149 2354 1251 2441 magis
1271 2353 1475 2437 perspicuum
1492 2349 1532 2423 sit,

220 2470 286 2515 nou
303 2451 439 2516 modost
462 2470 571 2515 emtum
592 2448 655 2514 sibi
676 2470 853 2538 quomque,
876 2470 989 2515 verum
1007 2452 1101 2517 etiam
1117 2451 1325 2513 uehementer
1338 2467 1447 2511 carum
1461 2439 1534 2508 esse?

129 2579 136 2592 =
222 2545 292 2629 quis
315 2556 363 2608 est
384 2544 480 2620 onim,
505 2555 558 2609 aut
573 2556 692 2627 quotus
707 2536 855 2633 quisque,
876 2545 941 2622 cui,
964 2566 1054 2609 mors
1068 2566 1166 2631 qutun
1180 2540 1432 2626 appropinquet,
1454 2534 1534 2602 nou¹⁶

222 2654 225 2663 “
298 2652 301 2657 “
359 2671 399 2683 -
423 2636 587 2730 nfitgiot
609 2639 733 2704 timido
754 2660 911 2723 sanguen
939 2652 1043 2726 atque
1063 2638 1262 2705 exalbescat
1284 2636 1411 2701 mate?

223 2730 295 2796 Etsi
315 2733 381 2797 hoo
402 2734 529 2820 quidem
551 2745 601 2796 est
622 2732 655 2795 iu
677 2732 777 2810 vitio,
801 2734 1050 2800 dissolutionem*
1064 2742 1283 2799 naturaetam
1305 2729 1402 2794 valde
1419 2727 1533 2811 perbor-

81 2876 86 2883 .
118 2899 121 2909 Ι
222 2842 371 2890 nosceret
407 2830 509 2910 (quod
529 2826 603 2890 item
626 2839 677 2890 est
694 2831 989 2910 reprehendendum
1011 2829 1043 2892 in
1065 2828 1227 2905 doloret).
1245 2828 1301 2889 sed
1322 2821 1400 2910 qnia
1419 2821 1483 2885 fere
1500 2816 1533 2880 sic

223 2917 401 2984 afficiuntur
420 2934 544 2995 omnes,
568 2921 644 2983 satis
666 2921 848 3006 argumenti
868 2937 928 3000 est,
951 2926 992 2986 ab
1013 2922 1143 3009 interitu
1163 2916 1341 2983 naturam¹⁷
1363 2917 1532 2980 abhorrere:

222 3012 318 3098 idque
342 3036 409 3101 quo
432 3015 532 3099 magis
554 3015 683 3102 quidam
705 3017 747 3083 ita
768 3017 907 3093 faciunt,
929 3029 964 3082 ut
985 3016 1055 3081 iure
1070 3016 1165 3079 etiam
1179 3006 1471 3098 reprehendantur,
1485 3007 1533 3068 hoc

224 3107 327 3190 magis
347 3107 587 3194 intelligendum
609 3121 674 3182 est,
699 3111 778 3174 baec
796 3111 866 3195 ipse
880 3111 974 3175 nimia
989 3113 1020 3174 in
1035 3110 1225 3197 quibusdam
1238 3108 1348 3171 futura
1363 3127 1431 3193 non
1443 3102 1531 3172 luisses

221 3201 282 3263 nisi
315 3205 468 3287 quaedam
498 3214 604 3266 essent
634 3203 757 3271 modica
785 3209 911 3269 named.
970 3206 1040 3268 Nec
1073 3225 1152 3268 vcro
1186 3202 1259 3265 dioo
1293 3221 1407 3264 eornm
1439 3205 1533 3259 mctun

225 3296 359 3372 mortis,
385 3296 451 3381 qui,
477 3297 554 3384 quita¹
572 3296 703 3380 privari
717 3320 752 3362 se
773 3297 859 3363 vitae
881 3298 975 3364 bonis
997 3296 1208 3374 arbitrentur,
1233 3306 1288 3359 tut
1309 3292 1385 3379 quia
1406 3289 1533 3377 quasdam

174 3380 177 3393 '
221 3401 299 3470 post
321 3403 455 3454 ritortcm
477 3391 663 3456 formidines
687 3392 911 3469 extimescant,
936 3403 990 3456 aut
1010 3391 1037 3455 si
1057 3400 1216 3466 metuant,
1251 3410 1292 3451 ue
1311 3409 1384 3449 cum
1408 3375 1533 3449 dolore¹⁸

226 3483 422 3561 moriantur,
456 3485 580 3550 idcirco
602 3499 737 3558 mortem
758 3485 900 3572 fugiente
920 3484 958 3550 ‘iu
979 3484 1125 3569 parvis¹⁹
1146 3483 1229 3547 euim
1251 3502 1367 3565 saepe,
1404 3478 1457 3564 qui
1475 3469 1533 3538 nibil

227 3604 1533 3660 ----..............'....:....-............-.-------a-·

301 3724 340 3800 (1)
359 3742 397 3782 co
415 3742 445 3782 se
464 3732 496 3786 L.
533 3731 572 3800 (1)
592 3746 630 3785 sc
649 3750 679 3784 se
698 3734 729 3788 P.
750 3733 798 3788 Cr.
815 3734 849 3787 V.
870 3732 906 3786 D.
945 3731 983 3799 (1)
1004 3731 1051 3787 Sic
1067 3732 1114 3788 Cr.
1127 3729 1161 3781 V.
1175 3730 1210 3785 G.
1223 3735 1250 3785 2.
1265 3745 1330 3801 curn
1342 3720 1533 3782 Cddzreius

158 3813 163 3831 ⁸
225 3804 283 3850 suit
301 3804 333 3856 P.
346 3803 387 3857 Μ.
401 3802 434 3859 L.
448 3807 483 3859 D.
499 3816 523 3864 1.
552 3805 590 3881 (1)
612 3809 659 3861 Sic
672 3812 716 3862 Cr.
730 3810 764 3862 V.
782 3807 824 3864 M.
838 3808 870 3861 1..
889 3806 924 3862 G.
944 3807 1067 3861 :iaec
1085 3814 1129 3858 est
1147 3806 1178 3859 P.
1193 3804 1228 3857 D.
1244 3811 1268 3861 1.
1282 3810 1309 3858 2.
1347 3794 1532 3876 (⁵)=q1d5d0

108 3911 115 3927 .
225 3893 254 3926 se
273 3878 347 3950 Splr.
366 3878 424 3935 Erl.
463 3880 500 3954 (11)
517 3890 662 3956 :possit
687 3889 740 3937 int.
764 3886 802 3937 bl.
822 3884 854 3937 L.
875 3890 901 3941 1.
946 3881 983 3951 (1)
1004 3883 1051 3937 Sic
1070 3880 1139 3938 cdd.
1159 3879 1224 3950 aliq.
1244 3880 1276 3933 P.
1296 3882 1342 3932 Cr.
1362 3879 1396 3930 V.
1414 3877 1448 3930 D.
1465 3866 1534 3931 :ui

223 3955 297 4003 111111
315 3960 363 4006 ⁶⁸²¹
378 3956 420 4007 M·
439 3958 471 4011 L·
493 3971 523 4017 1·
540 3965 566 4017 2.
585 3988 625 4002 -
642 3957 698 4012 del.
712 3959 749 4012 id
765 3976 831 4015 cum
851 3957 904 4013 Cd.
923 3958 986 4013 Bos.
1006 3954 1043 4012 G.
1081 3957 1121 4028 (⁸)
1140 3984 1177 4003 ο·
1197 3972 1254 4008 om.
1272 3962 1317 4007 est
1336 3953 1409 4028 Spin.
1424 3948 1494 4026 prob·
1506 3944 1532 3998 G·

225 4023 263 4093 (⁹)
282 4057 321 4070 ·-
339 4028 382 4080 liis
401 4030 431 4084 P.
451 4037 482 4087 V.
523 4035 573 4102 (11)
594 4035 640 4089 Sic
660 4036 693 4088 l..
712 4036 748 4089 D.
768 4064 807 4077 -
824 4039 911 4086 simne
929 4035 1033 4089 Ceteri.
1084 4033 1136 4097 (11)
1154 4061 1192 4074 -
1211 4047 1305 4081 tronus
1324 4048 1339 4082 e
1358 4027 1426 4084 cdd.
1445 4017 1531 4080 G·tft·

224 4103 307 4156 Beier
326 4098 385 4179 Off.
407 4105 440 4161 T.
462 4118 487 4167 1.
507 4128 535 4183 p.
554 4112 600 4169 52.
645 4110 698 4180 (12)
723 4139 762 4154 -
785 4098 947 4182 quemquam
972 4110 1014 4165 M.
1040 4108 1073 4163 L.
1117 4106 1168 4175 (¹³)
1186 4129 1225 4169 =
1242 4123 1272 4157 se
1291 4104 1361 4160 Cdd.
1381 4104 1445 4174 aliq.
1463 4099 1531 4152 Mari·

223 4174 275 4254 (tt)
296 4177 343 4241 stc
362 4178 405 4242 M.
426 4182 472 4250 (ᾖ,
496 4198 528 4239 nt
548 4185 663 4239 uidetur.
683 4187 765 4242 Grut.
785 4186 820 4238 D.
843 4197 868 4242 1.
889 4192 915 4243 2.
935 4183 1016 4257 idque
1036 4187 1066 4237 ln
1085 4200 1114 4236 re
1135 4189 1241 4236 incerte
1260 4186 1380 4246 serrati,
1406 4181 1457 4232 nisi
1475 4166 1530 4244 quod

192 4250 198 4261 ’
223 4270 276 4328 pro
295 4258 394 4312 borum
413 4259 514 4326 nobis,
537 4266 601 4314 etim
627 4277 699 4334 optt.
725 4266 867 4316 auctoritt.
889 4259 952 4314 dedi
972 4261 1118 4312 nobismet.
1137 4285 1176 4303 ι-
1194 4262 1225 4309 in
1243 4257 1379 4309 nobismet
1397 4255 1482 4322 (nodis
1497 4242 1530 4317 P.)

112 4398 114 4403 ,
224 4336 319 4385 aretem
337 4338 407 4406 ipsis
425 4337 549 4406 intelligi
566 4337 676 4410 qntdem
690 4346 810 4410 propter
828 4339 915 4390 aliam
933 4340 1094 4409 prinmpimn
1114 4350 1172 4385 rem
1184 4351 1214 4386 v.
1227 4348 1292 4401 gr.;
1308 4351 1354 4404 pr.
1367 4350 1396 4384 n.
1410 4340 1529 4381 notame-

222 4423 284 4457 mim
303 4416 412 4464 omissis
433 4429 467 4463 ne
487 4428 514 4466 et
534 4421 580 4481 ut,
607 4428 736 4486 corrupte
755 4411 824 4467 Cdd.
844 4416 876 4468 P.
895 4414 938 4468 lu.
958 4412 1004 4466 Cr.
1026 4416 1121 4479 (errat,
1138 4422 1170 4461 ut
1190 4409 1340 4479 solemn.)
1362 4408 1395 4461 V.
1414 4395 1528 4473 (Cnetlb

223 4489 295 4547 (non
314 4486 369 4554 lu.)
389 4486 510 4540 babent:
535 4492 567 4539 in
592 4489 727 4540 nobismet
752 4494 821 4560 ipsis
839 4485 955 4563 aretem.)
986 4518 1026 4529 -
1043 4492 1074 4541 in
1092 4482 1227 4537 nobismet
1246 4491 1340 4535 atatem
1358 4485 1426 4555 ipsis
1442 4471 1528 4530 neit·

222 4565 256 4628 gi
278 4559 329 4632 qui
355 4571 467 4634 potest,
487 4563 691 4636 quodpropter
711 4580 765 4618 cet.
785 4565 906 4619 Mersus.
933 4568 1036 4618 Contra
1056 4561 1241 4614 Latinitatem
1266 4574 1293 4611 et
1318 4544 1527 4613 berbicum-bL

218 4646 265 4691 'est
285 4636 359 4689 istud
371 4657 386 4690 :·
398 4667 436 4681 -
453 4637 556 4710 quod-
574 4671 593 4682 -
605 4657 737 4692 ammas.
763 4641 878 4712 Recepit
899 4654 993 4693 tamen
1012 4640 1068 4702 G.,
1088 4650 1116 4689 et
1135 4632 1344 4709 interpretando
1356 4634 1527 4688 soloecismum

222 4712 438 4767 commendavit.
474 4714 538 4769 Non
558 4719 690 4787 expressit
710 4715 784 4767 banc
802 4715 891 4768 Marsi
910 4714 1062 4767 lectionem
1082 4712 1131 4779 L.,
1161 4726 1192 4764 ut
1212 4715 1253 4764 att
1273 4709 1330 4778 6.,
1362 4707 1409 4763 sed
1428 4710 1526 4760 itaciu-

191 4784 286 4851 ssletn
307 4792 445 4842 correxit:
464 4817 502 4832 -
520 4795 551 4842 in
569 4790 648 4842 nobis
667 4795 736 4863 ipsis
754 4800 848 4843 aretem
867 4790 991 4859 intelligi
1010 4789 1057 4862 qui
1064 4794 1175 4860 potest,
1196 4795 1422 4838 zeh-amemus.
1447 4776 1526 4853 (¹⁵)··

222 4880 305 4933 quam
329 4881 386 4915 non
404 4883 441 4918 m.
469 4864 511 4918 M.
537 4866 570 4919 L.
608 4864 716 4941 (111)-
739 4884 796 4919 non
821 4883 887 4920 cnm
912 4884 969 4938 seq.
995 4862 1132 4919 versiculo
1157 4866 1275 4936 iungunt
1295 4853 1523 4915 indumenti-21
1572 4860 1573 4887 1

223 4934 275 5009 (¹⁷)
294 4966 332 4980 ··
351 4955 407 4992 om.
427 4946 562 4992 naturam
581 4940 649 4997 Cdd.
669 4941 734 5015 aliq.
774 4940 826 5017 (¹³)
845 4972 883 4984 -
901 4959 954 5009 ne,
974 4959 1055 5013 quum
1075 4939 1102 4993 d,
1123 4937 1198 4994 Mire
1217 4939 1253 4995 G,
1292 4937 1343 5007 (19)
1363 4966 1396 4981 ..
1411 4922 1523 5006 pmib.

220 5015 324 5078 1566..
344 5029 375 5071 ut
396 5012 503 5068 volebat
524 5017 558 5069 D.
1217 5055 1220 5059 ,
1507 5016 1511 5024 ·
