3288 5490
207 396 289 463 vta·
436 378 443 389 '
497 390 889 461 ichneumonum
913 389 1264 459 cosreuloucm

222 536 340 623 quibus
363 537 495 602 omnes¹
519 546 590 599 ante
612 555 683 598 eum
704 530 895 617 philosophi
913 530 1064 616 occupati
1079 531 1229 618 fuerunt,
1261 530 1450 597 avocavisse
1479 531 1550 615 phi-

221 631 402 713 losophiam
424 641 456 693 et
476 630 519 692 ad
539 629 636 693 vitam
657 648 856 693 communem
875 627 1068 701 adduxisse3
1090 637 1126 690 ut
1148 628 1188 690 de
1210 625 1383 689 virtutibus
1403 636 1435 689 et
1450 625 1549 702 vitiis,

223 724 416 808 omninoque
439 726 478 791 de
499 722 594 789 bonis
616 724 713 791 rebus
737 733 769 785 st
790 721 881 787 malis
903 732 1096 806 quaererett
1117 719 1265 784 caelestia
1286 732 1391 783 autem
1405 719 1459 785 rel
1475 740 1551 801 pro·

143 837 145 840 ⁴
222 819 273 882 cul
297 838 367 883 esse
381 839 407 881 a
428 829 540 882 nostra
562 817 745 902 cognitione
767 817 946 889 censeretl,
971 816 1042 892 vel,
1067 814 1093 877 si
1115 814 1253 879 maxime
1275 813 1404 898 cognita
1425 826 1551 889 essent,

12 930 13 939 ¹
103 962 105 973 .
221 911 299 976 nihil
321 923 427 977 tamen
449 913 488 976 ad
507 913 592 977 hene
613 910 819 975 vivendum³.
852 908 904 973 16.
929 908 993 972 Hic
1014 907 1046 971 iu
1069 907 1216 972 omnibus
1237 907 1309 975 lere
1331 909 1552 984 sermonibus,

164 1064 167 1075 .
219 1004 278 1091 ¹qui
301 1007 341 1068 ab
362 1005 432 1083 iis‘·,
457 1005 513 1091 qui
533 1006 620 1069 illum
643 1005 834 1080 audierunt,
859 1000 1034 1084 perscripti
1056 1001 1146 1065 varie
1168 1012 1200 1083 et
1222 1000 1380 1083 copiose⁵
1402 1013 1488 1079 stant,
1512 1002 1555 1067 ita

223 1100 381 1182 disputat,
406 1110 441 1163 ut
462 1099 540 1162 nihil
562 1097 695 1165 affirmet
716 1097 805 1180 ipse,
829 1098 955 1163 refellat
978 1098 1079 1161 alios:
1108 1096 1241 1159 nihilne
1263 1097 1346 1161 scire
1369 1097 1473 1172 dicat,
1498 1095 1557 1161 nisi

222 1191 256 1258 ld
275 1193 398 1276 ipsum5
430 1211 534 1276 eoque
555 1203 721 1275 praestare
743 1191 881 1270 ceteris,
918 1193 1007 1276 quod
1027 1190 1092 1267 illi,
1125 1211 1207 1276 quae
1229 1190 1389 1266 nesciant,
1414 1190 1499 1255 scire
1523 1212 1555 1254 se

69 1310 77 1329 s
108 1321 113 1357 ;
222 1298 353 1370 putent,
388 1286 475 1369 ipse,
508 1307 542 1349 se
564 1286 644 1350 nihil
664 1287 766 1364 scire,
801 1286 834 1350 id
855 1308 952 1356 rrnttm
975 1284 1073 1365 sciat:
1098 1286 1141 1349 ob
1164 1302 1297 1368 eamque
1319 1305 1389 1348 rem
1410 1306 1445 1347 se
1470 1284 1557 1346 arbi·

223 1381 303 1451 trani
325 1382 365 1444 ab
387 1378 540 1462 Apolline
564 1379 703 1445 omniurn
725 1380 988 1465 sapientissimum
1012 1400 1081 1442 esse
1096 1378 1249 1456 dutnmfl,
1274 1380 1459 1464 quodhaec
1474 1388 1560 1441 esset

222 1497 284 1540 una
313 1471 436 1539 omnis⁷
466 1472 619 1555 sapientia
651 1495 719 1541 non
747 1474 917 1551 arbitrari,
950 1494 1021 1537 sese
1043 1472 1150 1550 scire,
1174 1475 1263 1558 quod
1278 1472 1419 1561 inauriat.
1466 1471 1558 1551 erae

223 1590 321 1653 quum
350 1566 471 1639 diceret
499 1579 703 1643 constanter,
738 1578 772 1631 et
792 1568 827 1631 in
852 1570 909 1633 ea⁸
932 1567 1087 1631 sententia
1109 1580 1331 1649 permaneret,
1362 1564 1468 1630 omnis
1490 1565 1559 1631 eius

223 1661 328 1731 oratio
350 1660 438 1726 ῑιιιιι9
465 1660 497 1723 in
527 1661 645 1725 virtute
667 1663 840 1739 laudanda,
876 1664 943 1726 et¹⁰
970 1662 1003 1725 in
1031 1660 1250 1725 hominibus¹¹
1274 1662 1317 1724 ad
1336 1659 1467 1724 virtutis
1488 1671 1559 1723 stu-

223 1756 307 1825 dium
329 1754 536 1821 cohortandis
558 1758 825 1832 consumebatur;
857 1770 894 1820 nt
913 1778 931 1819 e
956 1756 1197 1820 Socraticorum
1214 1755 1332 1830 libris,
1356 1754 1557 1837 maximeque

157 1834 160 1847 ’
221 1848 391 1927 Platonis,
421 1847 560 1933 intelligi
580 1859 700 1931 potest.
745 1852 798 1916 17.
822 1850 970 1915 Platonis
992 1861 1098 1929 autem
1120 1847 1331 1926 auctoritate,
1371 1849 1559 1935 quinarius

220 1957 254 2019 ,et
275 1942 444 2026 multiplex
465 1953 498 2005 et
519 1942 670 2025 copiosus
693 1943 773 2021 luit,
796 1966 860 2009 una
882 1958 914 2010 et
936 1944 1141 2009 consentiens
1161 1946 1287 2008 duobus
1303 1944 1473 2008 vocabulis
1485 1945 1558 2027 phi·

223 2036 394 2120 losophiae
414 2035 521 2100 forma
541 2035 685 2103 instituta
707 2051 775 2118 est,
798 2039 1066 2104 Academicorum
1094 2050 1129 2102 et
1156 2038 1470 2120 Peripateticorum
1503 2039 1559 2123 qui

222 2133 322 2217 rebus
343 2141 590 2216 congruentes,¹
610 2131 791 2201 nominibus
814 2134 1018 2199 differebant.
1075 2134 1178 2210 Nam,
1202 2154 1299 2218 quum
1322 2134 1559 2217 Speusippum,

224 2225 350 2293 sororis
365 2223 482 2301 lilium,
506 2225 603 2290 Plato
619 2226 845 2309 philosophiae
861 2227 952 2312 quasi
965 2229 1114 2290 heredem
1129 2226 1330 2311 reliquisset,
1354 2229 1434 2292 duos
1451 2239 1561 2290 autem

222 2316 495 2404 praestantissimo
506 2319 530 2359 '¹²
552 2319 657 2384 studio
679 2332 774 2405 atque
795 2321 961 2397 doctrina,
985 2321 1205 2386 Xenocratem
1227 2320 1503 2399 chalcedonium,
1529 2335 1560 2386 et

226 2412 438 2479 Aristotelem
469 2411 686 2497 Stagiritem¹³
701 2435 716 2493 :⁴
733 2413 789 2498 qui
810 2427 902 2480 erant
923 2436 996 2479 cum
1016 2414 1216 2501 Aristotele,
1251 2416 1460 2498 Peripatetici
1484 2418 1561 2481 dicti

224 2517 318 2584 tunt,
343 2505 418 2594 quia
440 2506 642 2588 disputabant
659 2507 888 2573 inambulantes
910 2509 942 2572 in
964 2508 1092 2590 Lycios
1115 2509 1161 2573 illi
1184 2522 1307 2586 autem,
1332 2510 1389 2595 qui
1409 2511 1559 2576 Platonis
1628 2562 1630 2605 ἰ

224 2601 370 2681 instituto
393 2600 426 2664 in
448 2602 638 2679 Academia,
664 2604 764 2688 (quod
786 2615 835 2667 est
856 2604 991 2668 alterum
1012 2603 1240 2689 gymnasium)
1276 2616 1389 2669 coetus
1412 2617 1508 2673 erant
1529 2617 1561 2668 et
1628 2606 1631 2685 ξ

225 2716 389 2760 sermones
410 2697 529 2781 hahere
551 2697 648 2776 soliti,
673 2687 732 2760 e¹⁴
752 2697 818 2762 loci
839 2700 1001 2763 vocabulo
1024 2720 1138 2763 nomen
1153 2700 1345 2763 babuerunt.
1391 2698 1457 2762 Sed
1479 2700 1561 2764 utri·
1629 2704 1630 2713 ’

66 2778 76 2822 ·“
173 2862 176 2883 ,
225 2810 290 2876 que
310 2788 455 2857 Platonis
479 2791 624 2853 ubertate
647 2792 820 2873 completi,
859 2805 978 2857 certam
1001 2795 1158 2878 quandam
1180 2792 1363 2877 disciplinae
1382 2778 1560 2860 formulam

87 2900 114 2951 .*
225 2895 500 2965 composuerunt,
525 2894 558 2951 et
579 2905 648 2948 eam
670 2884 795 2967 quidem
816 2886 942 2968 plenam
965 2908 1002 2949 ac
1023 2887 1192 2950 refertam:
1215 2885 1303 2950 illam
1317 2899 1421 2950 utitem
1438 2889 1561 2958 Socra·

224 2976 320 3039 ticam
351 2974 577 3041 dubitationem
611 2980 650 3048 de
683 2978 827 3045 omnibus
856 2983 956 3045 rebus
993 2993 1025 3044 et
1055 2981 1144 3044 nulla
1182 2980 1389 3045 affirmatione
1417 2983 1560 3047 adhibita

226 3070 486 3137 consttetudinem
507 3071 679 3135 disserendi
702 3072 916 3156 reliquerunt.
960 3074 1011 3137 Ita
1030 3073 1117 3137 facta
1139 3084 1187 3137 est
1202 3073 1561 3163 [disserendi¹⁵]·(quod

225 3163 352 3228 minime
375 3164 526 3228 Socrates
548 3167 735 3248 probabat,)
758 3187 810 3229 ars
825 3171 980 3248 quaedam
995 3165 1220 3250 philosophiae
1229 3169 1266 3243 ¹⁶,
1291 3180 1323 3231 et
1338 3189 1447 3232 rerum
1460 3173 1558 3247 ordo,

227 3267 260 3321 ot
282 3256 455 3338 descriptio
480 3256 676 3341 disciplinae.
723 3259 776 3324 18.
801 3259 891 3341 Quae
913 3261 1041 3348 quidem
1057 3274 1125 3327 erat
1139 3262 1245 3345 primo
1261 3263 1404 3338 duobus,
1428 3274 1465 3326 ut
1481 3265 1559 3340 dixi,

225 3349 408 3416 nominibus
429 3372 512 3426 una;
545 3352 622 3415 nihil
645 3352 729 3427 enim
749 3352 834 3420 inter
856 3356 1109 3438 Peripateticos,
1150 3368 1182 3421 et
1197 3356 1280 3419 illam
1303 3367 1446 3421 veterem
1471 3360 1560 3423 Aca·
1590 3423 1594 3437 ,

43 3430 52 3445 ”
112 3532 130 3545 μ
192 3510 194 3515 ,
226 3443 361 3507 demiam
396 3445 576 3516 differebat.
634 3447 838 3513 Abundantia
866 3453 1000 3533 quadam
1030 3450 1151 3536 ingenii
1170 3453 1380 3533 praestabat,
1415 3463 1452 3514 ut
1484 3453 1561 3516 mihi

223 3537 370 3616 ridetur,
408 3538 604 3604 Aristoteles
627 3539 752 3626 quidem
760 3541 806 3616 ¹⁷,
829 3545 886 3605 sed
914 3543 997 3608 idem
1017 3544 1092 3609 fons
1114 3555 1182 3608 erat
1204 3541 1368 3630 utrisque,
1391 3554 1425 3606 et
1448 3549 1559 3609 eadem

224 3650 335 3694 rerum
358 3636 607 3714 expetendarum
627 3633 914 3721 fugiendarumque
935 3637 1082 3719 partitio.
1135 3708 1139 3715 ⁴
1608 3698 1612 3701 .

264 3808 268 3819 .
312 3725 359 3789 V.
384 3726 448 3789 Sed
468 3728 545 3811 quid
566 3728 655 3812 ago?
676 3729 795 3812 inquit:
819 3740 873 3792 aut
895 3751 1004 3794 sumne
1028 3753 1144 3809 sanus,
1168 3731 1223 3817 qui
1244 3733 1323 3794 haec
1344 3755 1406 3796 vos
1429 3732 1560 3799 doceo?

225 3838 299 3895 nam
315 3817 376 3890 etsi
396 3841 461 3885 non
476 3842 529 3883 sus
551 3820 748 3898 Minervam,
773 3835 807 3885 ut
827 3822 934 3899 aiunt3
957 3837 1061 3889 tamen
1082 3827 1202 3909 inepte,
1228 3825 1407 3911 quisquis¹⁸
1428 3828 1559 3897 Miner·

131 3925 165 3944 ·“
225 3931 299 3975 vam
322 3913 431 3976 docet.
476 3914 560 3977 Tum
581 3914 721 3992 Atticus,
747 3917 800 3979 Tu
821 3936 913 3993 vero,
937 3917 1050 4004 inquit,
1074 3941 1193 4006 perge,
1215 3922 1345 3995 Varro;
1368 3920 1461 3984 valde
1476 3923 1559 3985 enim
1630 3960 1631 3979 .

148 4061 150 4065 .
227 4005 299 4067 imo
327 4017 437 4069 nostra
466 4017 562 4091 atque
584 4020 732 4085 nostros,
762 4030 875 4094 meque
905 4008 963 4073 ista
986 4012 1161 4090 delectant,
1186 4034 1282 4098 quum
1306 4012 1422 4077 Latine
1445 4015 1558 4078 dicun·
1629 3986 1631 4077 l

236 4182 240 4193 .
299 4143 336 4211 (¹)
354 4168 394 4185 -
412 4140 538 4193 omnibus
557 4140 627 4199 Cdd.
647 4144 682 4196 tt.
702 4145 734 4197 V.
756 4147 864 4211 (omnes
883 4151 1003 4204 correxit
1024 4152 1081 4201 lam
1100 4148 1143 4202 Μ.
1157 4147 1229 4218 Μαι
1244 4146 1422 4223 obfuerant
1445 4140 1559 4204 uolebat
1629 4130 1631 4159 ¹

220 4213 303 4285 lien.)
324 4213 360 4288 (ἵ)
381 4243 416 4259 -
436 4226 529 4269 censet
547 4236 562 4270 e
581 4217 650 4273 Ball.
668 4218 704 4275 D.
726 4218 763 4286 (³)
782 4247 822 4261 -
839 4225 899 4274 viv.
919 4218 1051 4292 conferre
1071 4219 1142 4277 edd.
1161 4223 1227 4296 aliq.
1246 4224 1315 4277 Ven.
1336 4224 1370 4277 H.
1392 4225 1434 4280 Μ.
1450 4226 1485 4280 L.
1504 4225 1560 4281 tlh.
1630 4238 1631 4289 ζ

220 4307 240 4346 ,a
256 4288 340 4361 gloss.
368 4290 405 4359 (4)
423 4320 463 4335 -
480 4291 524 4344 ln
543 4292 580 4347 G.
600 4299 626 4348 2.
655 4292 694 4360 (⁵)
714 4311 729 4346 e
748 4293 819 4350 cdd.
839 4296 872 4350 L.
893 4297 930 4351 G.
948 4292 977 4355 2.
989 4310 1034 4341 ¹-
1050 4302 1133 4350 varie
1153 4304 1313 4371 copioseque
1334 4299 1391 4353 nb.
1409 4329 1447 4347 -
1464 4306 1559 4366 vvis,
1629 4298 1631 4351 ζ

220 4368 330 4435 eopiosa
354 4368 390 4419 H.
411 4366 444 4420 V.
468 4366 514 4421 Μ.
530 4367 566 4423 lt.
588 4377 614 4424 1.
660 4367 699 4435 (θ)
718 4383 756 4422 oc
775 4369 928 4423 iudicatum
948 4371 981 4426 de
1001 4373 1033 4427 L.
1052 4373 1214 4446 suspSeh.
1234 4382 1265 4430 2.
1309 4371 1348 4447 (⁷)
1368 4402 1404 4417 -
1424 4394 1483 4427 nna
1502 4375 1558 4427 }ro-
1629 4384 1631 4447 j

136 4449 138 4452 ⁴
219 4445 304 4493 resinis
322 4458 345 4493 a.
365 4442 398 4495 L.
417 4439 447 4498 Ε.
466 4470 505 4489 -·
523 4460 579 4493 una
598 4447 710 4495 omnino
730 4462 754 4497 s.
773 4435 841 4501 Ean.
861 4464 935 4517 susp.
982 4446 1020 4514 (⁸)
1039 4476 1074 4491 -
1094 4465 1150 4502 om.
1171 4468 1205 4500 ea
1225 4449 1267 4503 M.
1287 4450 1319 4505 L.
1358 4449 1397 4517 (⁹)
1416 4477 1456 4496 ¹-
1474 4468 1558 4522 quw!

185 4566 188 4573 ,
219 4518 251 4572 L.
289 4514 339 4591 (¹⁰)
359 4543 398 4569 -v
416 4524 475 4568 tum
494 4517 526 4573 l..
566 4519 618 4589 (¹¹)
638 4519 684 4571 Sic
705 4517 741 4574 G.
762 4510 789 4577 ἐ.
808 4547 847 4567 .-
863 4527 896 4572 t'n
914 4520 1069 4575 hominihus
1088 4524 1214 4577 omnibus
1232 4518 1303 4588 edd,
1323 4525 1389 4596 aqu.
1409 4526 1443 4578 Η.
1466 4531 1501 4581 V.
1520 4526 1556 4578 D.
1630 4560 1631 4569 .

99 4596 113 4605 “
219 4588 274 4644 Iib-
295 4600 321 4648 1.
342 4619 380 4637 -.
397 4578 574 4644 sacerrimus
601 4591 703 4649 bomin.
730 4594 775 4657 Μ.Ι
792 4595 826 4648 t..
844 4595 939 4662 (Errat
959 4598 1009 4666 G.)
1033 4616 1035 4619 ·
1055 4594 1286 4671 (wicum-ced.
1304 4602 1406 4655 multis.
1422 4601 1488 4655 Sela.
1510 4609 1556 4664 2..

219 4680 251 4717 ut
270 4666 393 4719 voluerat
413 4667 450 4722 G.
467 4695 506 4708 -
520 4673 786 4739 praestantissimos
805 4673 906 4729 Ceteri.
939 4670 989 4748 (¹³)
1010 4701 1047 4733 ¹·-
1066 4674 1242 4743 Stagiritam
1260 4675 1292 4730 L.
1330 4673 1380 4748 (tt)
1399 4698 1437 4733 =
1455 4694 1493 4726 ex
1513 4676 1555 4730 Μ.

217 4739 251 4795 L.
291 4737 352 4813 ((15)
372 4754 409 4795 ω
434 4740 591 4795 disserendi
616 4741 661 4819 [].
689 4741 723 4798 l).
750 4753 776 4801 1.
805 4760 844 4798 oo
871 4746 934 4802 Del.
953 4749 986 4801 L.
1006 4752 1037 4801 in
1056 4763 1095 4803 m.
1118 4748 1554 4823 1584.(n0n·1566.).1)unnu

209 4812 289 4869 'Lalh
315 4815 352 4869 G.
372 4821 398 4872 2.
418 4817 513 4872 Recte.
544 4815 679 4873 Defendit
707 4818 845 4877 Wernsd.
871 4821 938 4881 Elui
965 4839 1065 4877 censor
1094 4828 1169 4898 Lips.
1186 4820 1450 4900 philosophiaspro
1470 4825 1554 4897 gloss.

219 4887 350 4947 habebat.
388 4890 442 4959 (¹⁶)
460 4920 497 4940 s·-
512 4891 690 4964 philosophia
711 4895 742 4948 L.
762 4894 898 4968 proan.
946 4896 997 4969 (¹⁷)
1016 4914 1054 4953 οὒ
1072 4899 1124 4955 del.
1144 4901 1255 4972 quidem
1274 4902 1310 4957 G.
1330 4900 1359 4958 li.
1380 4908 1408 4958 2.
1446 4902 1498 4969 (¹⁸)
1517 4928 1554 4944 ··

191 4968 331 5037 Aut'squs
350 4962 420 5021 cdd.
441 4966 506 5037 aliq.
527 4975 599 5037 (non
619 4970 654 5022 tl.
675 4972 723 5035 V.)
1012 5017 1016 5024 .
