3226 5488
239 402 304 468 aas
537 388 540 393 '
648 407 794 475 rurus
817 402 1101 474 vanunrmu
1496 392 1501 403 ‘

240 550 280 612 ad
301 567 336 612 se
356 547 461 637 delata
487 557 554 625 est,
579 546 664 612 illam
683 547 813 632 excepit
840 560 873 612 ct
897 546 1040 623 finaliter,
1059 548 1334 631 repraesentavit·
1375 549 1472 634 Atque
1486 552 1527 617 hac
1572 548 1573 627 ἶ

239 644 348 707 eadem
371 641 584 725 responsione
606 640 639 705 in
664 641 743 707 solis
764 654 988 727 astrorumque
1014 642 1228 727 magnitudine
1251 642 1411 725 Epicurus
1434 644 1472 707 uti
1488 667 1529 727 pn·

240 736 319 812 tuit,
344 757 403 798 noc
420 736 520 801 risrrm
538 735 588 799 sui
600 736 831 807 mathematicis
845 737 1089 818 etphilosophis
1103 737 1249 801 omnssans
1263 735 1384 819 facere.
1409 739 1527 815 ,Tamen
1572 756 1573 809 j

239 841 466 915 praeterquam
497 831 585 915 quod
613 851 631 893 a
661 831 879 914 compluribus
909 852 979 894 cum
1010 827 1170 895 Cicerone
1198 843 1246 894 est
1267 831 1432 906 traditum,
1461 829 1530 911 ipsius

241 923 377 1007 Epicuri
390 925 499 1011 'verba
521 944 561 987 ex
583 922 720 1005 epistola
742 927 783 987 ad
805 925 1014 1006 Pythoclem,
1038 918 1070 987 e't
1097 945 1139 988 ex
1152 925 1325 1013 undecimo
1353 926 1391 985 de
1413 936 1531 986 naturas

241 1018 392 1103 Diogene
406 1018 543 1084 La'e‘rtio
560 1018 724 1100 Epicureo
739 1020 840 1083 relata
851 1017 1146 1101 interpretationem
1159 1039 1222 1082 non
1242 1018 1427 1081 admittunt:
1448 1016 1532 1079 diserte

241 1113 322 1177 enim
355 1112 506 1193 affirmat,
541 1123 627 1177 tanta
658 1134 728 1177 esse
757 1124 842 1177 astra
874 1113 978 1175 omnia
1007 1123 1125 1196 quanta
1147 1111 1333 1187 rideantur,
1374 1123 1425 1173 aut
1445 1110 1533 1173 maiora

240 1207 369 1291 paull03
393 1204 560 1289 adiicitque
582 1204 746 1283 ridiculam
772 1205 948 1282 rationem,
973 1227 1038 1269 non
1060 1206 1204 1268 amissam
1225 1200 1287 1267 illis
1310 1203 1472 1269 intervallo
1491 1225 1533 1264 ua·
1572 1286 1573 1293 ρ

241 1300 458 1386 gnitudinem,
493 1299 749 1388 quandoquidem
772 1321 831 1363 nec
852 1302 1010 1365 colorem.
1054 1301 1178 1364 Verum
1204 1298 1357 1363 sententia
1377 1298 1453 1359 haec
1469 1296 1534 1358 innn·
1572 1296 1573 1345 l

242 1394 336 1457 meris
355 1392 588 1477 perspicuitatis
609 1394 848 1459 evidentissimis
867 1394 1053 1458 testimoniis
1071 1393 1219 1458 convicta
1241 1396 1408 1455 damnatur
1429 1401 1457 1451 et
1476 1386 1533 1450 ersi·
1572 1420 1573 1449 l

241 1485 339 1551 hilata
361 1474 546 1569 exploditur
568 1508 586 1550 a
609 1484 784 1557 Cleomede
807 1489 940 1551 Stoico¹
961 1488 1103 1586 (Stoicqts
1126 1487 1206 1551 enim
1226 1486 1334 1561 isest,
1361 1496 1396 1546 ut
1410 1486 1534 1564 apparet}

328 1580 465 1646 Causam
488 1602 568 1661 vero
588 1604 646 1645 cur
672 1585 783 1646 eadem
805 1582 872 1646 aliis
894 1582 1032 1668 frigida,
1057 1581 1124 1645 aliis
1147 1581 1248 1644 calida
1271 1579 1462 1652 sentiantur,
1481 1577 1536 1636 hanc

244 1674 316 1738 illos
336 1675 508 1763 assignare
521 1666 644 1740 solitos'
657 1676 870 1741 Plutarchns²
892 1676 1006 1743 refert.
1052 1676 1183 1760 Singula
1205 1673 1340 1738 diversis
1349 1686 1389 1740 tet
1403 1669 1534 1735 cannariis

161 1790 168 1795 ·
244 1770 636 1855 qualitatibus'constarc,
661 1762 821 1857 multaque
844 1793 881 1834 ac
903 1771 964 1833 sibi
985 1769 1209 1855 pugnantiam
1227 1787 1416 1852 unaquaque
1430 1785 1535 1826 recen·
1572 1810 1573 1853 ,

243 1865 342 1927 mixta
361 1875 394 1927 et
416 1863 566 1955 colligata
589 1864 702 1927 teneri.
759 1865 933 1931 Hominum
952 1886 1082 1949 quoque
1107 1885 1223 1926 sensns<
1235 1863 1323 1925 varia
1340 1859 1463 1924 ratione
1481 1869 1534 1920 ten·
1572 1868 1573 1939 J

242 1971 393 2044 per-atos,
419 1957 512 2022 vario
531 1957 624 2057 etiam
648 1961 744 2024 modo
768 1962 806 2023 ad
828 1981 879 2023 res
901 1958 1135 2023 accommodari
1159 1971 1252 2041 atquc
1274 1955 1448 2039 applicari,
1468 1952 1535 2014 itaut
1572 1970 1573 2009 l

246 2075 342 2137 quum
360 2052 438 2117 alius
452 2056 579 2116 eandem
598 2074 665 2117 rem
687 2065 816 2140 tangat,
842 2066 895 2116 ant
914 2053 1029 2138 quovis
1045 2076 1138 2116 sensu
1157 2052 1394 2134 apprehendat,
1417 2069 1474 2111 uon
1489 2065 1534 2107 eas
1557 2044 1573 2139 l

243 2147 313 2236 dem
333 2146 416 2209 illius
439 2169 516 2231 quas
537 2146 617 2211 alius
640 2160 749 2229 partes
769 2148 916 2232 attingat.
963 2147 1025 2210 Sed
1048 2158 1145 2230 prout
1163 2166 1274 2208 senatis
1293 2146 1334 2205 ad
1356 2164 1425 2206 rem
1447 2153 1535 2219 tempe·
1572 2142 1573 2147 ’

243 2251 369 2302 ratnrae
392 2241 530 2315 habeat,
555 2240 597 2303 ita
620 2240 699 2305 alias
721 2252 752 2303 et
775 2241 849 2305 alias
873 2240 1009 2305 eiusdem
1030 2241 1079 2325 rei
1101 2251 1208 2322 partes
1231 2252 1262 2303 et
1277 2237 1442 2301 facultates
1457 2241 1534 2324 tangat

208 2372 213 2383 ·
243 2345 276 2397 et
298 2334 447 2416 excipiat.
503 2334 614 2398 Veluti
636 2334 663 2399 si
684 2355 726 2398 ex
747 2322 837 2399 fonte
859 2335 985 2417 aliquo,
1008 2334 1040 2397 in
1063 2355 1128 2417 quo
1152 2335 1324 2398 multorum
1344 2349 1485 2415 generum
1502 2345 1534 2387 res

243 2428 423 2510 permixtae
445 2426 687 2505 contineantur,
712 2433 865 2494 accedens
888 2431 967 2494 alius
990 2430 1075 2507 aliud
1093 2429 1231 2492 hauriat.
1275 2428 1354 2491 Nou
1377 2444 1443 2487 csse
1465 2419 1534 2503 igitur
1572 2412 1573 2477 l

244 2523 332 2605 quod
353 2522 423 2605 quis
446 2522 579 2585 aliorum
603 2543 713 2587 sensus
739 2527 883 2600 damnet,
908 2537 969 2588 ‘ant
991 2527 1154 2587 mendaces
1177 2520 1412 2605 dieatpqnod
1437 2535 1492 2578 non
1510 2530 1534 2573 en
1571 2602 1573 2615 1

245 2636 311 2699 quo
338 2614 406 2701 ipse
440 2619 536 2681 modo
567 2619 608 2679 ah
631 2620 739 2681 eadem
760 2640 796 2682 re
819 2619 1012 2695 afficiantur,
1048 2641 1142 2702 quum
1165 2636 1275 2680 omnes
1298 2613 1437 2687 omnium
1456 2624 1534 2672 sensis
1572 2618 1573 2639 ¹

244 2717 375 2772 veraces
409 2707 488 2784 sint,
521 2731 580 2775 nec
610 2710 735 2774 mentiri
765 2712 901 2794 possint.
957 2713 1009 2776 Sic
1033 2712 1138 2775 viuum
1160 2708 1241 2774 alios
1265 2707 1394 2793 quidem
1415 2704 1533 2775 calidum,

152 2852 155 2860 ,
244 2803 324 2866 alios
346 2801 498 2888 frigidum
521 2803 680 2887 experiri,
705 2819 836 2872 netttros
858 2828 952 2869 sensu
973 2804 1112 2888 decipi³.
1408 2858 1410 2867 ,
1496 2864 1501 2877 ,

329 2897 411 2972 Esse
434 2918 515 2980 ergo
539 2898 643 2962 omnia
667 2898 733 2963 visa
755 2922 833 2964 vera
854 2906 909 2967 καὶ
931 2901 1016 2982 δῆλα
1037 2905 1092 2965 καὶ
1115 2898 1253 2987 ἐναργῆ,
1281 2896 1405 2972 idest,
1429 2905 1458 2956 et
1475 2897 1534 2953 certe

245 3003 276 3072 et
298 2990 485 3073 perspicua,
523 2992 694 3075 opiniones
723 2995 792 3059 sive
819 2994 988 3058 sententias
1016 3005 1161 3067 nostras,
1179 3016 1181 3021 ·
1200 3013 1281 3075 quae
1304 3011 1346 3052 ex
1373 2983 1535 3052 evidentibus

243 3083 320 3167 ipsis
343 3096 451 3149 ortum
472 3086 608 3160 habeant
633 3109 807 3172 sensusque
829 3088 933 3175 statim
951 3096 1211 3172 consequantur,
1249 3106 1313 3149 non
1345 3102 1452 3149 omnes
1471 3093 1534 3178 verat

247 3199 337 3242 esse:
367 3181 423 3241 sed
447 3179 524 3243 alias
546 3201 654 3258 veras,
678 3183 753 3245 alias
775 3183 884 3247 falsas.
930 3181 1042 3247 Solere
1062 3180 1143 3248 enim
1165 3200 1224 3244 nos
1247 3179 1417 3264 aliquando
1441 3190 1533 3239 sensu.

245 3271 302 3358 qui
334 3272 411 3335 nihil
441 3274 525 3336 aliud
552 3296 645 3358 quam
674 3275 706 3339 id
736 3279 824 3361 quod
847 3276 961 3353 sentit,
992 3274 1171 3349 denuntiat,
1206 3272 1359 3355 opinione
1383 3283 1414 3339 et
1434 3259 1534 3331 arbitris

71 3396 75 3405 ,
131 3452 147 3457 ᾖ
245 3379 359 3432 nostro
376 3370 544 3433 detrahere
566 3369 643 3456 qnid
665 3384 718 3435 aut
740 3374 875 3447 addere,
898 3370 941 3461 iia
963 3382 998 3433 ut
1017 3367 1222 3451 decipiamur.
1268 3369 1349 3430 Sunt
1362 3364 1458 3450 igitur
1471 3372 1535 3422 rent

247 3461 446 3549 sententiae,
466 3463 580 3551 quibus
602 3466 671 3548 ipsa
693 3465 740 3529 rei
764 3477 796 3528 et
817 3486 927 3529 sensns
951 3463 1107 3528 evidentia
1129 3461 1340 3526 testimonium
1363 3457 1480 3529 reddit,
1498 3467 1535 3557 nt?¹

247 3556 451 3642 refragatur,
488 3558 522 3620 id
548 3570 617 3637 est,
655 3558 714 3622 uti·
730 3558 914 3643 Epicurus4
948 3562 1017 3644 ipse
1044 3561 1165 3638 aiebat,
1202 3555 1244 3625 ἂν
1271 3549 1510 3645 ἐπιμαρτυρῆται
1519 3565 1535 3646 ἶ]

243 3646 289 3737 μῆ
313 3645 597 3742 ἀντιμαρτυρῆται
620 3646 740 3735 ἀληθῆ
761 3643 855 3721 εἶναι.
898 3655 1012 3719 Falsae
1035 3666 1161 3729 autem,
1186 3673 1268 3739 quae
1290 3648 1460 3716 evidentiae
1473 3649 1533 3745 testi·
1572 3652 1573 3679 ³

246 3745 354 3809 monio
376 3766 440 3808 uon
463 3746 710 3833 confirmantur,
735 3748 787 3811 vel
808 3749 960 3812 adversus
982 3771 1060 3832 quas
1079 3747 1237 3812 evidentia
1253 3741 1461 3811 testimonium
1474 3738 1534 3829 diac

194 3847 198 3851 ’
243 3837 305 3900 rita
330 3835 387 3904 ἔαν
409 3840 444 3903 δὲ
467 3840 727 3930 ἐπιμαρτυρῆται
742 3836 763 3921 ii
778 3835 1059 3931 ἀντιμαρτυρῆται
1078 3842 1187 3934 ψευδῆ
1202 3835 1384 3927 τυγχάνειν.
1420 3822 1534 3906 Exeurl
1572 3850 1573 3925 l

160 3932 163 3937 ⁴
247 3952 360 3994 caiisa:
386 3930 498 3997 Cernit
520 3934 589 4018 quis
611 3935 726 4016 procul
744 3924 901 3998 hominem
925 3937 965 3997 ad
985 3957 1019 3998 se
1034 3935 1212 3999 venientem
1234 3945 1266 3996 et
1282 3933 1446 3995 Socratem
1459 3926 1533 4005 putat·
1572 3930 1573 3977 l

194 4084 197 4095 .
247 4024 281 4107 Si
302 4025 329 4088 is
351 4038 520 4110 postquam
543 4027 730 4105 accesserit,
756 4027 907 4091 Socrates
924 4049 964 4090 ex
986 4027 1162 4092 evidentiae
1185 4025 1368 4113 testimonio
1390 4041 1454 4086 esse
1473 4031 1532 4078 cou-

244 4120 408 4207 periatur‚
434 4121 540 4186 ablato
563 4121 733 4186 intervallo
757 4124 845 4205 quod
865 4120 1074 4204 impediebat,
1099 4142 1165 4206 qno
1188 4119 1290 4185 minus
1304 4118 1388 4182 illius
1409 4121 1532 4197 specum

194 4220 197 4225 ’
236 4214 353 4305 ρίαυα
371 4215 531 4301 integrum
561 4216 783 4299 exciperetur,
819 4215 930 4298 opinio
963 4238 1040 4279 vera
1069 4216 1193 4291 luerat,
1233 4215 1280 4278 siu
1310 4225 1436 4286 contra,
1467 4201 1532 4299 falsa·

245 4308 355 4390 Quare
368 4311 407 4372 ad
419 4308 606 4393 opinionum
618 4308 873 4392 explorationem
885 4323 917 4373 et
928 4308 1151 4392 probationem
1168 4320 1356 4392 exspectare
1373 4294 1532 4371 inbenlsstl‘

244 4401 334 4467 curci
346 4403 550 4467 evidentiam.
584 4405 648 4480 Ut,
666 4406 704 4466 de
715 4403 797 4466 turri
807 4403 923 4487 procul
935 4403 1001 4468 visa
1014 4405 1092 4473 nihil
1104 4415 1265 4478 statuere,
1282 4404 1337 4466 sed
1348 4398 1392 4463 uti
1403 4393 1529 4495 dicebatis

242 4502 436 4584 capuensium
457 4501 514 4565 καὶ
528 4494 623 4585 e'yysic
636 4502 802 4584 γενέσθαι
824 4498 869 4589 aqi
882 4484 996 4588 τιν’ργῳ
1011 4503 1066 4565 καὶ
1080 4492 1209 4585 μαθεῖν
1224 4492 1338 4573 ὁποῖος
1351 4488 1440 4580 ἐγγὺς
1451 4497 1531 4578 qaue

245 4612 320 4673 ται,
352 4589 473 4670 idest,
507 4603 698 4678 exspectare
727 4593 941 4687 accedereque
972 4595 1012 4657 ad
1032 4591 1165 4670 turrim,
1196 4603 1228 4655 et
1250 4604 1441 4685 cognoscere
1459 4567 1529 4662 qualo

285 4922 290 4929 .
313 4840 350 4922 (¹)
369 4855 429 4937 libs
438 4860 467 4911 2.
488 4855 632 4910 circularis
652 4826 898 4930 contemplationis
918 4856 1091 4912 sublimium.
1112 4855 1150 4932 (²)
1170 4872 1269 4912 centra
1288 4854 1419 4914 Colorem.
1442 4841 1472 4916 (³)
1485 4831 1527 4892 ¹³¹⁸·

127 5009 132 5017 ι
244 4928 334 5031 sarth.
354 4946 476 5005 sympos.
496 4930 547 4986 ttb.
566 4937 593 4993 ὅ.
612 4947 674 5007 cap.
692 4937 720 4992 5·
739 4952 768 5008 p·
788 4930 854 4994 6521
892 4931 930 5001 (¹⁴)
952 4931 1033 5008 Apud
1051 4935 1144 4988 Ladrt.
