3226 5488
530 382 886 509 vacannmtca.
1036 394 1040 411 '
1140 374 1144 387 ’
1251 380 1516 533 χιιι]

67 570 167 653 quod
188 569 229 632 ad
250 565 469 639 similitudines
491 540 748 650 respondebantt
773 567 888 634 Omnia
910 568 960 633 sui
982 567 1109 654 generis
1124 511 1211 647 else3
1235 564 1312 637 nillil
1335 550 1406 640 esse
1509 585 1511 607 ¹

66 665 178 739 idem,
218 664 305 746 quod
328 662 374 743 ,sit
396 663 492 726 aliud.
550 660 694 749 Stoicum
718 658 862 749 ἀξίωμα,
884 684 949 746 quo
971 664 1004 730 id
1026 663 1248 755 significatur:
1284 669 1405 733 Omnes

67 757 218 843 singulas
240 778 292 819 res
314 757 446 840 propria
469 769 580 821 natura
596 768 716 840 atque,
743 756 789 819 uti
808 755 942 833 dicitur,
965 759 1100 824 essentia
1122 773 1288 840 constare,
1311 761 1404 845 ideo·

68 874 141 935 que
154 863 186 914 et
198 851 338 933 propriis
354 850 574 934 qualitatibus,
600 872 681 935 quae
697 853 823 914 eaedem
839 851 870 914 in
887 852 975 916 nullo
991 850 1053 916 alio
1076 853 1139 915 sint
1161 866 1214 916 aut
1234 875 1302 919 esse
1324 877 1403 938 pos·

69 945 158 1008 sint:
194 967 293 1029 quare
322 967 418 1028 quum
450 958 594 1030 quaeque
624 965 676 1009 res
706 956 820 1008 natura
852 967 908 1008 sua
931 948 971 1008 ab
994 946 1140 1009 omnibus
1167 947 1233 1010 aliis
1256 948 1404 1025 differat,

70 1039 223 1124 dignosci
245 1040 335 1102 etiam
359 1051 454 1123 atque
476 1038 629 1114 discerni,
654 1038 852 1121 proprioque
870 1040 1052 1103 discrimine
1067 1041 1286 1106 animadverso
1308 1062 1403 1126 sepa·

69 1133 182 1197 caria
212 1132 350 1250 ceteris
352 1134 497 1198 omnibus
525 1132 644 1215 poterit
674 1146 706 1196 et
728 1133 867 1196 debebit.
913 1131 1191 1198 Plutarchus12'
1171 1137 1315 1203 uxorium
1335 1137 1404 1203 τοι·
1430 1208 1432 1215 q

69 1252 135 1295 νυν
156 1229 244 1293 ἐστὶν
263 1225 375 1293 αὐτῶν
395 1229 446 1307 (de
468 1227 583 1290 Stoicis
605 1247 709 1290 serum
733 1228 794 1306 est)
816 1231 873 1293 και
892 1222 1083 1336 γράμμασιν
1107 1218 1247 1315 ἐντυχεῖν
1268 1232 1404 1338 πολλοῖς

70 1318 259 1413 sapiaentia
279 1316 551 1405 Ακαὸιιμαιιούς
570 1323 816 1457 διαφερομένων
837 1327 893 1387 καὶ
920 1316 1133 1407 βοώντων,ί
1111 1348 1154 1400 ως
1175 1316 1284 1388 πάντα
1266 1317 1404 1437 mppiy

67 1440 169 1503 ματα
187 1419 361 1502 ουιχέουοι
386 1419 460 1492 ταῖς
480 1408 761 1529 ἅπαραλλαξιαις,
798 1418 850 1480 ἐπὶ
868 1418 961 1482 δυοῖν
981 1410 1100 1482 οιιοιῶν
1124 1419 1181 1482 ἕνα
1200 1411 1299 1482 ποιὸν
1319 1406 1404 1483 εἶναι

71 1505 276 1628 βιαζόμενοι.
320 1510 443 1576 Καίτοι
457 1510 555 1575 τοῦτο
575 1515 636 1596 μὲν
654 1505 713 1574 οὔκ
732 1510 819 1590 ἐστιν
834 1501 927 1587 ὅστις
946 1505 1136 1618 ἀνθρώπων
1153 1534 1191 1576 ον
1180 1488 1403 1591 ’διανοεῖται

72 1609 134 1671 καὶ
154 1599 351 1677 τουναντιον
364 1604 467 1669 οἴεται
486 1599 691 1687 θαυμαστὸν
716 1592 799 1669 εἶναι
820 1610 877 1670 καὶ
895 1598 1155 1708 παράδοξον,ιί
1175 1597 1271 1712 price
1289 1598 1403 1711 φάττα

72 1692 204 1790 ιιιάττη,
227 1692 308 1782 μήτε
327 1700 460 1805 μέλιττῃ
482 1698 634 1781 μέλιττα,
654 1691 736 1783 μήτε
743 1699 843 1805 πυρῷ
859 1695 979 1789 πυρὸς,
1000 1692 1123 1788 donam
1146 1693 1197 1777 (τὸ
1213 1719 1270 1762 τον
1256 1691 1402 1781 λόγου)
1438 1762 1442 1769 ,

74 1794 176 1869 uiroc
198 1793 232 1856 ἐν
252 1795 351 1855 παντι
366 1785 474 1879 χρόνῳ
496 1793 625 1873 γεἰονεν
638 1784 905 1879 ἆνταραλλακτον.
927 1791 960 1854 id
982 1801 1049 1866 est,
1073 1763 1196 1853 Audire
1218 1801 1321 1853 autem
1343 1812 1402 1856 eos
1498 1850 1501 1857 .

74 1896 127 1948 est
146 1884 370 1973 (multosque'
361 1905 505 1966 rpsorum
536 1886 574 1946 ‹le
597 1905 644 1947 ea.
655 1905 690 1947 re
712 1885 814 1955 libros
846 1885 968 1969 legere)
991 1907 1060 1948 cum
1083 1883 1282 1948 Academicis
1304 1886 1400 1949 alter·

73 1990 183 2042 cantes
206 1980 455 2062 clamantesque,
491 1975 595 2042 omnia
624 1981 677 2041 ab‘
696 1977 759 2042 illis
781 1979 934 2044 conlundi
967 2000 1004 2041 ac
1025 1978 1210 2061 permisceri
1231 1978 1401 2042 indiscreta

72 2077 138 2137 hac
160 2073 358 2136 similitudine
380 2071 507 2134 inducta
531 2083 625 2155 atque
648 2093 815 2148 concessa,
839 2076 934 2137 rebus
956 2075 996 2135 ab
1017 2072 1094 2154 ipsis
1116 2071 1180 2135 vim
1203 2071 1290 2148 fleri,
1326 2075 1400 2135 dum

72 2167 258 2252 qualitatem
296 2188 387 2229 inuam
424 2165 607 2228 substantiis
643 2166 763 2228 duabus
795 2166 936 2230 tribuere
966 2178 1135 2232 conantur.
1200 2166 1304 2250 Atqui
1336 2169 1401 2231 hoc

72 2281 169 2324 nemo
201 2260 363 2323 hominnm
394 2271 441 2323 est
473 2259 527 2343 qui
556 2281 623 2322 non
649 2259 824 2334 existimet,
860 2272 1037 2344 contraque
1071 2260 1183 2322 mirum
1216 2272 1247 2322 et
1269 2272 1398 2341 praeter

73 2352 257 2436 opinionem
280 2364 388 2434 putet,
424 2352 452 2414 si
474 2373 576 2434 neque
598 2353 764 2434 palumbus
786 2354 956 2434 palumbo,
985 2373 1086 2436 neque
1110 2352 1177 2434 apis
1200 2352 1269 2433 api,
1296 2372 1408 2437 neque,
1452 2382 1454 2386 ³

71 2447 174 2510 tritici
203 2468 335 2532 granum
368 2465 469 2529 ςιτιιιο
503 2445 612 2520 alteri,
653 2446 705 2509 vel
732 2446 811 2508 fieus
840 2447 889 2526 (ut
911 2446 941 2508 in
963 2447 1142 2526 proverbio
1165 2448 1226 2526 est)
1247 2446 1330 2521 fico,
1365 2446 1399 2509 iu

34 2528 44 2545 ’
72 2540 229 2603 universo
262 2552 408 2621 tempore
440 2538 562 2601 exstitit
589 2537 634 2600 ita
667 2540 785 2616 simile,
819 2550 855 2601 ut
875 2538 1011 2602 discerni
1033 2560 1097 2603 nou
1118 2551 1242 2621 posset.
1288 2542 1400 2604 Verba

75 2633 265 2698 (Ῑιοιιιοιιιι2
288 2635 505 2696 concordant:
535 2678 550 2705 „
559 2631 673 2695 Omnia
695 2633 771 2696 dicis
794 2632 843 2696 sui
865 2633 997 2718 generis
1014 2654 1102 2707 esse,
1126 2631 1203 2695 nihil
1225 2654 1294 2697 esse
1316 2634 1405 2698 idem

74 2730 165 2813 quod
185 2727 227 2790 sit
248 2727 345 2789 alind.
390 2726 603 2813 Stoicumest
624 2726 658 2789 id
679 2726 825 2811 quidem,
849 2748 920 2789 -nec
943 2728 1110 2790 admodum
1132 2726 1302 2803 credibile,
1327 2728 1399 2790 uul-

73 2823 139 2885 lum
162 2842 231 2884 esse
253 2820 350 2901 pilum
373 2818 518 2883 omnibus
539 2822 637 2882 rebus
659 2822 753 2887 talem
776 2820 877 2905 qualis
899 2819 940 2882 sit
962 2819 1044 2903 pilus
1064 2820 1163 2895 alius,
1189 2821 1307 2884 nullum
1321 2843 1399 2904 gra·

72 2937 161 2979 ιιιιιιι.
206 2916 296 2977 Haec
316 2914 421 2977 relelli
441 2924 593 2995 possunt,
629 2917 685 2978 sed
705 2936 850 3000 pugnare
873 2915 968 2977 nolo:
1000 2917 1040 2976 ad
1060 2913 1093 2977 id
1115 2915 1196 2983 enim
1218 2917 1306 2998 quod
1328 2914 1413 3000 agi·

72 3022 146 3084 tur,
192 3008 270 3071 nibil
301 3007 452 3083 interest,
491 3007 677 3072 omnibusne
706 3009 851 3089 partibus
884 3007 953 3072 visa
980 3030 1032 3072 res
1065 3008 1144 3072 nihil
1173 3008 1319 3087 differat,
1356 3028 1398 3071 au

71 3091 248 3167 internosci
266 3123 333 3169 non
355 3101 480 3183 possit,
504 3102 598 3165 etiam
620 3103 647 3165 si
668 3102 832 3179 differat,'’
856 3112 920 3165 cet.
1121 3183 1123 3189 Α
1181 3164 1184 3171 ⁴

159 3199 209 3260 Ea
232 3218 311 3260 vero
335 3196 448 3281 quibus
470 3196 679 3260 Dialecticam
701 3205 888 3280 oppugnant
910 3216 947 3259 ac
968 3197 1157 3258 subvertere
1178 3206 1291 3279 putant
1311 3194 1398 3258 Aca·

72 3290 205 3370 demici,
240 3290 333 3354 valde
356 3303 429 3352 stunt
449 3290 587 3353 infirma.
631 3290 811 3354 Proserunt
835 3300 867 3352 et
889 3288 1042 3352 obiiciunt
1064 3289 1179 3353 soritas
1202 3301 1235 3352 et
1257 3310 1293 3352 ea
1316 3309 1398 3374 quae

72 3382 220 3449 Stoici”
197 3410 310 3475 onnon
331 3394 468 3459 vocant,
501 3383 761 3490 inexplicabilia
778 3380 915 3456 Cicero;
939 3404 1019 3467 quae
1042 3405 1137 3466 quum
1159 3383 1277 3445 vitiosa
1298 3378 1399 3447 manl-

70 3478 158 3551 festo
180 3478 260 3556 siut,
294 3479 413 3542 nullum
435 3488 541 3541 tamen
570 3481 721 3541 adversus
752 3462 805 3540 illa
827 3477 978 3541 arixilium
1000 3501 1019 3541 a
1038 3479 1202 3542 dialectica
1225 3479 1398 3553 afferatur,

77 3571 234 3655 nullaque
256 3572 333 3634 artis
354 3572 468 3655 regula
490 3572 717 3635 excludanturt
755 3573 811 3634 sed
840 3593 939 3657 aeque
962 3594 999 3636 ac
1022 3572 1160 3656 eaquae
1183 3573 1262 3636 uitio
1285 3591 1400 3635 carere

73 3663 239 3741 dicuntur,
263 3665 455 3730 concludere
477 3664 657 3728 videantur.
702 3664 779 3729 Non
801 3666 883 3729 enim
905 3668 972 3730 hoc
991 3668 1069 3729 artis
1085 3667 1164 3730 vitio
1180 3666 1395 3742 tribuendum,

72 3760 308 3831 seductilicum
337 3760 568 3845 negligentiae,
604 3759 660 3844 qui
687 3760 851 3844 regulam,
876 3781 940 3845 qua
960 3762 1076 3824 hortnu
1098 3755 1209 3824 vitium
1231 3758 1395 3842 aperiant,
1437 3752 1440 3761 '

72 3854 245 3916 commenti
266 3875 331 3918 non
353 3854 427 3917 siut.
472 3852 558 3935 Quin
578 3866 615 3923 et⁴
631 3852 691 3916 arti
706 3853 781 3917 satis
804 3865 853 3919 est
875 3855 928 3917 illa
949 3867 1060 3918 notare
1081 3866 1115 3919 et
1136 3874 1252 3917 cavere
1273 3853 1397 3915 iubere.

10 3984 16 4008 ι
71 3944 119 4008 Ut
140 3955 171 4006 et
192 3945 282 4008 navis
304 3958 415 4010 rector
435 3946 511 4009 satis
532 3966 595 4028 pro
618 3946 723 4013 officio
744 3948 842 4024 facit,
869 3947 914 4024 si,
939 3948 998 4010 etsi
1020 3930 1133 4012 brevia
1154 3950 1194 4010 de
1214 3945 1397 4009 medionon

70 4037 174 4114 tollit,
211 4048 314 4101 tamen
344 4061 460 4103 cavere
487 4040 596 4102 iubeat
629 4062 665 4104 ac
695 4041 842 4103 declinet.
897 4043 968 4107 Nec
1000 4040 1083 4105 enim
1111 4041 1186 4106 ideo
1216 4060 1268 4103 ars
1290 4038 1398 4121 aliqua

71 4120 260 4206 damnanda,
284 4133 358 4223 quia
381 4136 532 4217 quaedam
554 4154 707 4217 superare
730 4155 795 4198 non
809 4133 924 4215 possit.
969 4113 1130 4201 Sitmmum
1147 4137 1396 4219 gubernatorem

69 4233 125 4285 aut
152 4225 305 4287 medicum
329 4214 455 4309 ,Ptnot
484 4226 545 4302 ait,
584 4242 666 4310 quae
696 4227 777 4297 effici
805 4240 874 4292 arte
896 4229 1118 4310 nonpossint,
1153 4242 1186 4292 et
1207 4248 1288 4310 quae
1310 4246 1393 4303 non,

6 4362 9 4371 »
68 4317 199 4422 cognita
225 4320 363 4396 habere,
398 4331 439 4382 et
460 4319 524 4385 illis
556 4321 684 4404 quidem
720 4342 829 4385 manus
859 4324 1031 4388 admovere
1058 4335 1090 4386 et
1110 4322 1245 4407 aggredi
1264 4321 1392 4397 lacere,
1465 4316 1470 4327 “

69 4410 217 4485 omittere
239 4413 312 4476 alia.
356 4414 470 4498 Itaque
503 4415 613 4479 melius
648 4418 802 4482 adversus
824 4415 1006 4479 huiusmodi
1027 4437 1060 4479 se
1077 4427 1170 4501 gerat
1186 4414 1393 4489 Dialecticus,
1455 4424 1458 4431 ’
1498 4454 1500 4459 ,
1529 4440 1532 4459 ι
1562 4422 1566 4427 “
1600 4402 1601 4435 ³

67 4503 237 4569 sitantum
258 4505 375 4571 vitiosa
397 4507 500 4583 dicat,
534 4529 594 4570 uec
623 4508 784 4591 explicare
806 4508 898 4573 anxie
921 4510 1059 4573 laboret.
1123 4508 1196 4572 Etsi
1217 4529 1282 4572 non
1304 4504 1395 4570 multi

66 4598 189 4682 negotii
216 4600 305 4664 soret
336 4599 539 4665 distinctione
561 4600 668 4686 aliqua
689 4588 862 4665 illiusmodi
893 4602 1000 4666 omnia
1023 4602 1151 4665 eludere
1175 4615 1207 4665 et
1227 4604 1394 4686 frangere.

67 4691 146 4771 Quis
175 4715 314 4779 imquam
347 4693 443 4770 dixit,
476 4697 558 4778 Ego
590 4694 758 4772 mentior,
801 4718 921 4781 quum·
914 4696 1033 4761 hoc
1024 4718 1128 4779 ipsum
1156 4680 1394 4780 pronuntiatum

69 4838 1395 4869 ...-..-..-.......-............,...,.-.......-...-....

85 4913 214 5044 appii),
197 4917 238 5043 pe
258 4929 360 4968 comm.
380 4916 464 4969 notit
490 4909 550 4967 adv
570 4896 658 4968 broie
686 4932 713 4988 p
735 4911 1203 4987 1077.<2·)1nLucuttoc.2u
1242 4912 1283 4991 (³)
1302 4917 1345 4973 ⁰⁶
1365 4934 1394 4972 ¹⁰
1441 4920 1442 4925 ι

64 5006 82 5061 P
1483 5010 1487 5017 .
