3252 5490
337 378 348 391 ’
454 371 951 497 *mmmmm
1082 347 1411 483 .⁹⁴m

80 586 137 630 nee
157 563 243 639 tiso,
278 575 333 627 aut
352 562 448 638 loco,
484 563 607 630 comite
637 561 796 638 levitatis,
827 564 886 627 sed
912 583 1007 646 saepe
1042 559 1137 634 etiam
1173 559 1282 627 tristes
1310 560 1413 627 fri-mi·

80 663 167 731 tate¹
190 671 223 729 et
245 659 421 723 constantia
449 672 524 723 sunt
548 659 645 722 beati.
689 659 745 721 66.
758 661 919 741 ‘Stuprata
941 679 1002 741 per
1019 657 1087 739 mim
1108 656 1264 721 Lucretia
1285 679 1303 720 a
1325 648 1430 742 regis*

79 753 163 832 filio,
200 764 315 817 testata
338 754 447 818 cives²
461 756 479 830 ,’
495 775 558 817 se.
573 753 662 835 ipsa³
690 753 862 833 interemit.
914 756 979 819 Hic
1001 753 1096 818 dolor
1117 753 1232 835 populi
1247 752 1410 829 Romani,

80 846 158 912 duce
179 860 212 912 at
235 861 369 912 uictore
391 849 522 924 Bruto,
551 868 646 910 causa
670 847 830 912 civitatib
839 850 995 915 libertatis
1016 848 1097 916 fuit:
1121 853 1165 914 nb
1188 847 1321 932 eiusque
1344 869 1414 910 nm·
1462 860 1464 867 ’
1526 896 1528 899 .

79 943 160 1006 lieris
183 943 371 1007 memoriam
392 943 498 1026 primo
521 963 604 1007 anno
627 954 660 1006 et
680 943 750 1018 vir,
786 955 818 1006 et
839 956 930 1026 pater
962 943 1048 1022 eius,
1072 934 1201 1010 consul
1216 953 1265 1006 est
1293 940 1412 1004 iactus.

80 1036 203 1101 Tenuis
221 1038 268 1100 L.
292 1037 481 1122 Virginius,
506 1058 650 1122 uninqne
672 1041 711 1102 de
733 1037 859 1113 multis,
890 1039 1090 1123 sexagesimo
1111 1060 1197 1102 anno
1220 1048 1294 1119 post
1315 1036 1414 1097 liber·

78 1142 170 1195 tatem
185 1120 369 1214 receptam,
394 1131 758 1217 virginem⁵filiamsua
780 1153 872 1194 manu
893 1133 1010 1197 occidit
1024 1134 1144 1215 potius,
1163 1152 1258 1217 quam
1273 1151 1310 1192 ea
1321 1119 1414 1211 App.

80 1225 201 1291 Claudii
216 1225 360 1303 libidini,
385 1225 520 1311 quitum
536 1215 977 1309 eratsnmmoinssimpcrio,
1003 1230 1184 1291 dederetur.
1254 1293 1256 1297 ,
1333 1270 1338 1281 .
1374 1273 1378 1277 -
1410 1268 1414 1275 -

158 1320 266 1384 XXI.
291 1320 345 1382 67.
368 1321 436 1383 Aut
457 1321 537 1383 haee
561 1319 638 1397 tibi,
664 1323 851 1403 Torquate,
877 1332 950 1383 sunt
973 1320 1200 1403 vituperanda,
1226 1331 1279 1383 aut
1300 1330 1414 1402 patro·
1506 1372 1508 1376 s

78 1415 190 1479 ciuium
206 1413 385 1499 voluptatis
400 1415 645 1496 repudiandum.
688 1417 784 1496 Quod
799 1428 904 1478 autem
920 1415 1149 1497 patrocinium,
1174 1427 1228 1478 ant
1248 1416 1329 1500 quae
1352 1414 1414 1478 ista
1477 1451 1492 1467 ιι

46 1551 50 1556 =
80 1530 169 1589 eausa
192 1519 241 1572 est
264 1509 457 1590 voluptatis,
475 1530 564 1592 quae
582 1522 752 1577 nectentes
776 1511 895 1574 ullose
916 1510 1010 1573 claris
1030 1509 1127 1583 viris,
1152 1529 1210 1572 nec
1231 1510 1415 1575 laudatores

51 1686 53 1693 Ι
79 1605 194 1690 poterit
208 1602 409 1670 adhibese⁷t
426 1605 471 1668 Ut
486 1605 569 1666 enim
583 1625 643 1668 nos
658 1625 700 1665 ex
714 1604 871 1667 annalium
882 1604 1094 1695 monumentis
1106 1613 1206 1666 testes
1217 1602 1414 1666 excitamus³
1444 1608 1452 1616 '
1472 1665 1478 1682 .

80 1722 150 1777 eos,
173 1720 318 1785 quorum
334 1697 437 1761 omnis
452 1698 517 1761 vita
537 1709 725 1781 consumpta
748 1710 796 1761 est
813 1699 846 1761 iri
866 1686 1032 1761 lalioribus
1055 1697 1226 1782 gloriosis,
1251 1696 1306 1781 qui
1320 1695 1415 1759 volu·

79 1794 169 1877 piatis
184 1812 310 1857 nomen
327 1791 437 1855 andire
465 1812 530 1856 non
555 1802 707 1877 possent:
732 1791 780 1855 sic
800 1792 833 1854 in
856 1792 972 1855 restris
992 1791 1258 1875 disputationibus
1277 1788 1415 1855 historia

80 1900 160 1951 muta
179 1899 251 1951 est:
278 1908 436 1970 nunquam
455 1883 562 1952 atidivi
576 1887 607 1950 io
620 1886 765 1968 Epicuri
784 1887 893 1950 schola
905 1889 1113 1971 Lycurgum,
1138 1885 1309 1959 Solonem,
1333 1881 1414 1945 Mil-
1463 1934 1465 1939 ,

79 1982 207 2056 tiadem,
234 1980 506 2055 Themistoclem,
531 1980 783 2063 Epaminondam
804 1980 979 2054 nominari;
1003 1977 1057 2062 qui
1076 1982 1108 2042 in
1128 2001 1185 2043 ore
1201 1989 1274 2041 sunt
1287 1988 1414 2041 cetero·
1513 2044 1515 2053 .

80 2095 145 2139 rum
154 2074 590 2157 emniumphilosopborum.
603 2075 783 2138 Nuncrero
792 2075 817 2151 ⁹,
827 2067 1130 2159 quoniambae‘cnos
1139 2071 1233 2141 etlam
1242 2073 1414 2134 ¹⁰tractaae
1456 2128 1460 2135 ,
1513 2118 1516 2123 ,
1554 2119 1561 2130 ,

81 2169 263 2252 coepimus,
287 2168 500 2252 suppeditabit
521 2167 615 2233 nobis
634 2167 760 2232 Atticus
783 2171 928 2231 noster-¹¹
952 2170 1024 2230 de¹²
1046 2169 1202 2233 thesauris
1222 2166 1287 2231 suis
1297 2196 1310 2242 ,⁸
1331 2184 1416 2248 quos

82 2277 111 2328 et
123 2277 263 2348 quantos
279 2263 424 2329 viros¹³t
449 2264 503 2327 68.
513 2265 630 2327 Nonne
645 2261 755 2325 melino
768 2274 817 2327 est
834 2265 873 2325 de
887 2262 937 2325 his
955 2263 1084 2346 aliquid,
1103 2285 1196 2349 quam
1210 2261 1306 2327 tantis
1319 2261 1415 2326 volu-

81 2360 212 2423 minibus
224 2361 267 2422 de
277 2357 471 2421 Themista¹⁴
486 2357 601 2443 toqui?
617 2356 686 2420 Sint
699 2356 761 2420 ista
778 2359 998 2422 Graecorum:
1016 2364 1207 2442 quamquam
1217 2358 1262 2427 ,ab
1277 2355 1327 2419 his
1340 2351 1415 2437 pbi-

81 2454 260 2540 losophiam
279 2465 311 2516 et
326 2473 435 2516 omnes
449 2451 606 2537 ingenitas
622 2450 805 2533 disciplinas
820 2452 993 2514 habemus:
1017 2456 1074 2517 sed
1087 2465 1192 2515 tamen
1208 2462 1255 2514 est
1276 2448 1413 2532 aliquid,

18 2586 19 2593 .
83 2551 164 2632 quod
188 2546 287 2612 nobis
310 2568 374 2611 non
395 2545 627 2622 liceat,.·liceat
645 2544 720 2608 illis.
764 2546 916 2630 Pugnant
942 2543 1045 2609 Stoici
1071 2567 1141 2609 etim
1174 2543 1413 2627 Peripateticis·

83 2640 185 2706 Alteri
198 2652 324 2727 negant
338 2641 509 2726 quidquam
523 2658 592 2704 esse
611 2642 742 2715 bonum,
766 2639 928 2723 nisiqnod
944 2637 1112 2702 honestum
1131 2636 1192 2702 sit:
1217 2637 1322 2713 alteri,
1339 2637 1413 2719 plu-
1472 2681 1502 2723 ι(
1540 2694 1547 2721 x

18 2772 19 2783 ³
83 2735 191 2799 timum
213 2748 306 2799 sset
327 2737 426 2821 longe
447 2731 610 2821 longeque
631 2733 802 2816 plurimum
821 2733 964 2797 tribuere
982 2733 1160 2818 honestati,
1184 2735 1241 2796 sed
1259 2743 1363 2795 tamen
1381 2741 1414 2793 et

18 2852 19 2883 1
83 2826 275 2912 incorpore
298 2839 534 2897 ebertramse
556 2831 710 2914 quaedam
732 2830 833 2897 bona.
886 2828 965 2891 Em
988 2839 1148 2891 cemamen
1169 2820 1358 2901 honestum,
1382 2836 1415 2889 et

18 2918 20 2959 ³
85 2920 256 3011 disputatio
289 2923 468 3005 splendida!
518 2921 631 2986 Omnis
659 2920 716 2987 est
735 2921 817 2986 enim
846 2923 884 2985 de
907 2921 1035 2991 virtutis
1056 2921 1210 3006 dignitate
1228 2918 1413 3000 contentio.

85 3017 129 3080 At
149 3040 220 3081 oiim
256 3016 318 3080 tuis
341 3010 475 3101 φιίιιιι16
497 3016 651 3092 disseras,
675 3017 773 3081 multa
794 3026 867 3080 sunt
895 3014 1047 3079 audienda
1069 3015 1162 3079 etiam
1183 3017 1222 3077 de
1244 3010 1415 3101 obscoenis

85 3109 323 3194 voluptatibus,
349 3114 388 3173 de
410 3111 525 3195 quibus
548 3114 587 3173 ab
610 3110 755 3194 Epicuro
770 3111 959 3196 ,saepissime
974 3110 1101 3175 dicitnr.
1124 3132 1127 3141 ’
1146 3111 1200 3174 69.
1222 3111 1300 3174 Non
1321 3117 1414 3191 potes

18 3282 19 3285 Ἴ
85 3227 160 3293 ergo
185 3207 250 3271 ista
272 3204 375 3281 tueri,
410 3206 596 3288 Torquate,
630 3205 838 3283 mihicrede,
873 3206 900 3269 si
929 3217 961 3269 te
990 3204 1060 3287 ipse
1090 3205 1160 3269 et¹⁷
1188 3217 1259 3267 tuas
1288 3200 1416 3287 cogita·

18 3350 19 3353 η
85 3300 184 3364 tiones
206 3314 239 3365 et
263 3299 364 3364 studia
387 3302 611 3383 perspexerim
644 3301 777 3382 pudebit
798 3311 850 3376 te,
873 3299 1019 3384 inquam,
1043 3298 1127 3363 illius
1150 3299 1295 3373 tabulae,
1320 3314 1415 3381 quam

87 3392 279 3471 Cleanthes,
305 3384 379 3456 sane
402 3396 594 3470 commode,
618 3388 727 3475 uerbis*
763 3393 934 3495 depingere
943 3395 968 3435 ¹⁸
1001 3394 1139 3458 solebat.
1183 3394 1321 3456 lubebat
1342 3410 1441 3464 eos„

18 3554 20 3563 ,
87 3488 137 3572 qni
169 3490 371 3564 audiebant,
388 3508 507 3550 'sonum
542 3487 631 3569 ipsos
659 3489 955 3572 cogitarepictanr
987 3487 1019 3550 in
1054 3487 1162 3550 tabula
1184 3487 1415 3568 Voluptatem3

18 3616 19 3653 3
86 3576 306 3663 pulcherrimo
329 3581 448 3643 vestitu
478 3594 509 3643 et
540 3593 659 3643 ornatu·
683 3582 786 3666 regali
813 3581 843 3644 in
873 3582 957 3647 solio
978 3585 1158 3649 sedentem:
1192 3592 1322 3662 praesto
1345 3597 1415 3641 esse
1502 3578 1507 3591 ‘

18 3750 20 3765 ,
87 3673 252 3752 Virtutes,
277 3685 312 3737 ut
334 3675 528 3752 ancillulas,
542 3698 623 3760 qliae
645 3675 723 3738 nibil
746 3676 831 3738 aliud
853 3689 996 3761 agerent,
1021 3674 1141 3738 nullum
1164 3696 1254 3737 suum
1278 3670 1415 3737 officium
1440 3670 1443 3678 ⁴

91 3769 257 3847 ducerent,
283 3769 344 3833 nisi
358 3779 401 3832 vut
423 3770 600 3852 Voluptati
614 3769 847 3847 ministrarent,
862 3783 905 3833 et
928 3792 996 3843 eam
1018 3781 1138 3832 tantum
1162 3770 1201 3831 ad
1223 3789 1332 3833 aurem
1358 3767 1414 3828 ad-

88 3876 271 3955 monerent,
302 3860 355 3944 (εἰ
376 3865 473 3929 modo
495 3863 528 3926 id
548 3863 673 3946 pictura
697 3863 1002 3949 intelligi-posset,)
1037 3875 1073 3926 ut
1095 3873 1242 3938 caveret,
1278 3866 1316 3924 n'e
1334 3859 1417 3945 'quid

18 4152 20 4159 ¹
157 4093 195 4168 (ἲ)
227 4122 267 4136 -
295 4112 353 4147 non
378 4099 451 4149 enim
476 4091 581 4147 hilares
603 4091 751 4147 hilaritate
774 4094 843 4148 Em.
869 4100 944 4167 susp:
969 4123 1005 4137 -
1032 4099 1111 4146 tristi
1123 4091 1267 4166 firmitate
1286 4090 1321 4145 D.
1342 4107 1418 4163 susp.
1444 4087 1454 4097 ‘

88 4165 124 4240 (2)
147 4196 185 4212 -
209 4174 316 4225 crimen
340 4167 410 4222 Cdd.
436 4167 502 4241 aliq.
530 4198 567 4212 -·
591 4175 650 4220 vim
674 4169 740 4223 Alii.
794 4168 832 4236 (³)
857 4198 896 4211 -
920 4176 1011 4241 ipsam
1035 4171 1067 4222 P.
1095 4171 1136 4224 M·
1159 4170 1192 4223 L.
1243 4168 1282 4238 (4)
1310 4195 1349 4207 ·—
1374 4166 1419 4216 lu'c

86 4241 178 4309 dolor,
209 4246 308 4316 populi
331 4244 450 4301 Romani
481 4245 549 4297 mace
573 4243 748 4318 distinguunt
773 4245 840 4299 Ern.
856 4253 900 4302 .1.
929 4250 976 4302 ΒΓ.
1005 4246 1042 4299 G.
1070 4260 1108 4298 re
1139 4262 1194 4308 om.
1224 4248 1337 4298 civitati
1366 4238 1442 4295 ed.-

86 4314 188 4378 Ursini,
215 4337 265 4378 oo,
285 4321 339 4372 Hic
371 4321 451 4373 dolor
485 4320 589 4392 populo
623 4320 764 4385 Romano,
797 4320 865 4373 detes
900 4328 929 4372 et
957 4341 986 4373 a.
1017 4321 1104 4387 Ba„
1124 4339 1211 4372 causa
1241 4319 1289 4372 lib.
1312 4315 1347 4389 f.
1381 4317 1419 4371 G·
1464 4378 1466 4387 .

85 4407 157 4466 snsp.
177 4402 289 4467 recepta
309 4411 324 4447 a
343 4395 410 4450 Scb.
431 4402 458 4451 2.
497 4396 535 4466 (5)
554 4425 593 4439 -—
613 4396 779 4464 Virginiam
798 4398 839 4450 M.
860 4397 889 4449 F.
918 4395 956 4464 (ὃ)
974 4411 1012 4448 oo
1031 4413 1086 4449 om.
1107 4399 1138 4447 in
1157 4394 1226 4450 edd.
1247 4394 1313 4465 aliq.
1334 4393 1370 4463 G.
1391 4397 1418 4449 2.

88 4465 122 4533 (⁷)
141 4488 177 4512 -’-
196 4469 326 4525 exbibere
353 4471 419 4524 Ern.
450 4487 525 4544 susp.
573 4471 613 4543 (⁸)
632 4500 669 4517 -ι
688 4476 807 4523 citamus
825 4470 875 4526 ed.
896 4471 1060 4542 Urs.prob.
1080 4474 1117 4526 D.
1164 4472 1203 4538 (⁹)
1224 4500 1257 4513 ·-
1279 4486 1328 4521 nee
1347 4483 1417 4521 vero

34 4542 38 4545 ’
89 4541 190 4601 CddP.
201 4544 452 4619 maleprob.Man.
471 4544 637 4622 (¹⁰)-om.
648 4551 807 4611 etiamnum
819 4547 888 4602 Cssd.
898 4547 935 4602 G.
946 4545 996 4622 (¹¹)
1008 4547 1054 4601 Sic
1066 4547 1112 4599 Cr.
1128 4548 1208 4602 Grut.
1223 4546 1449 4617 seqq-om..
1529 4554 1532 4563 ¹

88 4628 178 4671 noster
198 4623 266 4676 Cdd.
286 4621 400 4694 abqr.
420 4623 452 4680 V.
474 4624 516 4676 M.
536 4622 568 4676 L.
607 4621 658 4697 (Β)
677 4652 714 4664 -
733 4642 748 4674 e
769 4623 801 4678 V.
821 4628 857 4667 ·'-
877 4642 914 4675 es:
934 4642 949 4676 e
969 4621 1039 4677 (nd.
1060 4621 1125 4695 aliq.
1147 4625 1180 4677 D.
1220 4622 1271 4696 (¹³)
1285 4617 1417 4677 sie-cdd.

20 4706 22 4717 ·
89 4699 214 4767 optimi,.j
231 4701 315 4752 etiam
336 4696 397 4754 Mo.
417 4698 451 4753 G.
472 4704 498 4759 2.
518 4727 557 4742 —-
570 4703 651 4751 viros
669 4696 771 4750 babere
790 4705 905 4751 testium
922 4708 970 4751 tat
989 4706 1033 4753 est
1050 4701 1154 4753 Ceteri.
1175 4696 1225 4772 (D.
1246 4707 1272 4756 1.
1290 4699 1338 4757 ΒΓ,
1359 4696 1417 4769 [].)
1484 4717 1486 4721 ·

90 4766 141 4836 (16)
154 4770 205 4827 sir.
220 4770 287 4828 Cdd.
309 4772 392 4844 aliq,
407 4788 438 4826 ut
458 4773 567 4828 volebat
587 4774 621 4829 L.
641 4777 777 4849 lteeepete
798 4775 883 4830 Grut.
899 4774 983 4848 Seqq.
1002 4800 1042 4842 ···‘.
1059 4773 1212 4827 Themistio
1232 4774 1264 4831 P.
1284 4802 1322 4819 -
1340 4772 1419 4829 Tae.

91 4847 208 4898 mistocle
228 4850 273 4903 Cr.
293 4851 325 4901 V.
345 4848 387 4905 M.
409 4850 442 4903 L.
484 4849 534 4918 (¹⁵)
561 4878 598 4893 -
617 4850 671 4903 Est
688 4850 755 4904 Ern.
776 4868 851 4924 susp.
872 4850 952 4924 prob.
972 4852 1019 4907 Br.
1039 4879 1077 4894 ·-
1094 4848 1140 4902 En
1159 4867 1183 4904 c.
1203 4848 1244 4907 1ιὶ
1263 4868 1299 4914 cn
1317 4847 1346 4909 ἅ.
1366 4848 1420 4923 spis
1468 4887 1472 4895 ·

94 4914 125 4971 G.
140 4937 211 4994 susp.
228 4922 306 4996 prob.
324 4924 390 4991 Sch.
409 4924 461 4992 (tt)
471 4932 540 4976 -si
553 4924 603 4983 Cd.
617 4928 681 4981 Urs.
697 4926 786 4984 Mars.
806 4928 856 4993 (¹⁷)
870 4955 908 4969 -
921 4935 949 4977 ts
961 4932 1051 4999 ipsulm
1064 4934 1092 4977 et
1106 4924 1172 4987 seh.
1186 4933 1212 4982 2.
1224 4923 1253 4986 Ε.
1265 4954 1302 4974 n
1312 4933 1339 4978 te
1349 4930 1420 5003 ipse,

24 5006 27 5013 '
92 4997 115 5045 tl
123 4994 163 5054 El.
170 5000 204 5058 D.
215 4996 264 5072 (¹⁸)
272 5001 319 5054 Sio
327 4997 397 5055 cdd.
408 5001 546 5059 meliores.
555 5004 601 5055 Cr.
609 5001 690 5056 Grut.
699 5001 771 5060 G.2.
781 5007 944 5075 repingere
955 5000 1023 5057 cdd.
1033 5001 1097 5074 aliq.
1109 5003 1140 5060 P.
1153 5004 1188 5057 V.
1197 5002 1281 5063 bil-1..
1291 5001 1328 5063 D·
1339 5002 1421 5065 LBr.

1351 5328 1363 5365 t
