3188 5492
536 145 656 251 'j

261 406 460 494 555555
480 418 815 535 5555555555
824 422 920 493 555.
935 424 1010 494 ιιι.
1056 425 1099 501 5.
1123 430 1157 496 5.
1314 404 1377 498 555
1423 400 1431 421 “

47 544 235 654 sapientiam.
278 564 399 645 Ρ5155,
423 578 460 631 ιιι
482 566 619 651 opinor,
640 526 695 632 laic
717 578 773 637 aut
794 560 900 646 aiere,
925 576 980 633 aut
1002 590 1134 659 negare.
1179 570 1375 650 05115515,

45 663 189 751 inquit,
185 674 254 729 aut
276 663 321 727 ita
350 661 429 727 mibi
455 662 554 727 facilc
579 674 664 728 esset
685 674 722 727 ut
741 662 819 738 tibi,
856 664 1259 733 551115111111111511551
1281 667 1378 743 mibi,

44 782 99 825 nec
126 772 188 823 tam
215 760 369 823 molestus
399 778 505 849 55555,
543 779 605 821 555
634 757 667 823 15
688 758 739 821 115
761 755 934 843 quidquam
955 764 1129 842 sperares!
1175 763 1258 828 Nam
1281 759 1381 848 quum
1453 824 1457 833 ‚

44 876 92 919 nae
111 850 349 940 interrogares,
373 851 452 938 qnid
473 851 547 914 mibi
570 855 610 916 de
631 850 829 918 Academico
849 850 995 936 sapiente
1017 855 1182 933 videatur,
1205 857 1372 940 respondi,
1391 908 1397 917 .

43 949 139 1014 rideri
160 948 237 1013 mibi
259 950 347 1034 quod
369 942 513 1021 videatur
535 945 596 1010 sibi
618 947 699 1010 scire
722 945 927 1053 sapientiam,
952 968 992 1011 55
1018 959 1074 1012 551
1095 960 1215 1015 temere
1230 973 1280 1015 me
1295 951 1380 1016 scire

43 1042 244 1121 affirmarem,
280 1054 334 1122 551
363 1040 453 1107 illum
475 1064 540 1106 non
563 1040 665 1135 minus
687 1053 808 1105 temere
831 1040 915 1105 scire
936 1041 1089 1107 dicerem
1120 1046 1217 1110 Pro
1240 1064 1377 1131 magno,
1433 1120 1436 1125 y
1500 1054 1504 1061 '
1562 1092 1564 1099 .

41 1138 179 1224 inquam,
213 1136 371 1203 15551515
394 1136 471 1201 mihi
493 1139 632 1229 obsecro
655 1139 813 1201 concedas
835 1137 959 1220 priano,
984 1149 1019 1201 ut
1041 1141 1081 1202 ad
1103 1138 1158 1215 id,
1184 1142 1284 1223 quod
1282 1156 1378 1239 eget
1420 1182 1423 1185 -
1502 1160 1504 1169 ¹

42 1256 103 1299 non
124 1236 164 1298 ad
183 1233 229 1311 id,
254 1234 344 1318 quod
365 1243 445 1296 tute
443 1222 652 1340 interrogas,
679 1235 876 1315 respondere
897 1232 1052 1317 digneris.
1097 1233 1222 1299 Deinde
1236 1245 1271 1296 ut
1289 1254 1380 1315 spem

43 1349 165 1403 meam,
161 1349 280 1413 quam
301 1326 360 1390 tibi
380 1348 444 1390 non
468 1326 570 1391 minus
592 1346 707 1403 curae,
741 1348 837 1434 quam
859 1326 946 1389 tuam
969 1346 1040 1390 5555
1057 1338 1154 1391 certo
1176 1326 1263 1404 scio,
1295 1346 1381 1391 mane
1438 1318 1441 1327 ’

41 1422 210 1505 paullulum
246 1422 411 1487 onaittas.
445 1419 548 1487 Certe
576 1421 605 1485 51
637 1440 688 1487 555
719 1421 778 1485 1515
806 1420 1062 1505 interrogatione
1093 1423 1272 1505 decepero,
1311 1422 1380 1486 cito

42 1516 244 1581 transibo‘in
273 1528 360 1583 tuam
388 1525 532 1597 partem,
574 1515 894 1601 controversiamque
921 1515 1080 1580 liniemus.
1138 1518 1314 1582 Postremo
1343 1526 1380 1581 ιιι
1487 1508 1489 1515 ’

42 1611 128 1692 pulsa
141 1610 252 1675 nescio
268 1631 331 1695 qua
339 1608 574 1686 15511151151155,
592 1629 661 1692 ,qua
677 1620 708 1672 15
723 1610 812 1696 tangi
830 1610 946 1685 video,
971 1609 1154 1695 diligentius
1176 1611 1382 1674 animadver·
1419 1619 1426 1637 ⁸

40 1715 102 1780 tas,
126 1726 192 1789 quo
214 1705 312 1769 facile
334 1704 520 1790 intelligas,
550 1703 627 1788 quid
648 1703 732 1766 mihi
747 1706 804 1767 aba
825 1712 860 1767 te
877 1704 1071 1791 posponderi
1093 1704 1201 1769 velim.
1258 1703 1381 1770 Dixisti

25 1799 123 1877 enim,
147 1800 221 1865 ideo
237 1811 270 1863 15
286 1820 351 1864 555
372 1809 426 1862 aut
440 1799 527 1877 aiere
542 1810 596 1862 551
613 1816 744 1883 negare,
770 1800 860 1882 quod
880 1797 990 1887 ¹utique
1012 1798 1193 1862 faciendum
1216 1810 1264 1862 551
1285 1800 1326 1861 51
1346 1796 1380 1861 ιιι
1465 1823 1468 1830 ·

36 1896 118 1978 quod
132 1916 233 1981 rogo,
260 1915 301 1958 55
323 1905 444 1958 temere
466 1905 498 1957 te
520 1892 605 1957 scire
627 1892 727 1971 dicas,
747 1895 842 1976 quod
864 1893 988 1957 nescis:
1013 1893 1103 1979 quasi
1125 1910 1205 1958 vero
1221 1891 1381 1981 egoquid

27 1987 110 2051 55155
139 1988 352 2073 quaesierim,
388 1999 421 2051 51
449 2008 514 2053 555
545 1989 629 2071 quid·
647 1986 707 2051 tibi
729 1986 890 2051 videatur.
945 1987 1062 2072 Itaque
1083 2006 1167 2051 5555
1187 1985 1314 2070 planius
1336 1983 1380 2064 (si

34 2093 138 2173 taman
161 2081 382 2169 plauius'diei
412 2086 534 2165 potest)
563 2082 756 2168 interrogo,
796 2081 976 2146 Videturne
1005 2082 1063 2146 tibi
1084 2081 1168 2146 scire
1188 2079 1387 2164 sapientiam

38 2175 175 2258 sapiens,
201 2196 244 2240 an
265 2196 331 2242 non
355 2175 505 2243 51151511
527 2176 563 2240 Si
583 2177 742 2265 inveniri,
766 2175 889 2261 inquit,
913 2176 1038 2260 sapiens
1052 2174 1183 2262 qualem
1198 2175 1283 2241 ratio
1297 2195 1379 2261 pro·
1443 2225 1449 2237 .

36 2269 96 2348 111,
119 2282 218 2356 queat
228 2292 240 2335 a
261 2282 370 2353 potest
393 2271 469 2335 mihi
491 2270 601 2336 videti.
615 2271 699 2336 scire
724 2271 930 2377 sapientiam.
975 2269 1076 2336 Ratio
1089 2268 1375 2361 igituninquama

37 2365 126 2428 talem
147 2364 225 2430 tibi
232 2366 344 2448 prodit
366 2386 436 2443 esse
458 2366 656 2449 sapientem,
681 2363 736 2448 qui
758 2363 946 2446 sapientiam
967 2384 1033 2428 non
1055 2363 1214 2450 ignoreta'
1235 2375 1379 2430 streete

35 2458 128 2526 istuc.
174 2461 256 2524 Non
278 2461 361 2547 enim
383 2461 477 2524 aliter
500 2462 634 2526 decebat
656 2459 764 2524 videri
782 2457 855 2523 tibi.
973 2470 980 2475 ’

68 2557 169 2643 «111.
186 2537 319 2636 Quaero
335 2574 416 2640 ergo
431 2552 512 2631 iam,
531 2565 639 2618 utrum
655 2554 760 2637 possit
776 2552 913 2636 sapiens
920 2550 1071 2617 inveniri.
1102 2526 1140 2618 Si
1153 2552 1238 2618 enim
1253 2564 1376 2636 potest,
1425 2630 1428 2636 ¹

35 2657 140 2731 potest
169 2649 265 2714 etiam
297 2649 391 2712 scire
411 2648 615 2732 sapientiam,
655 2648 820 2734 omnisque
849 2648 995 2732 quaestio
1024 2638 1110 2710 inter
1134 2668 1200 2712 555
1220 2647 1378 2729 dissoluta

37 2742 300 2809 5518155155
321 2763 386 2810 nou
409 2764 510 2826 posse
531 2743 628 2822 dicis,
652 2742 714 2806 iam
737 2759 802 2808 non
824 2754 1019 2827 quaeretur,
1040 2752 1148 2816 utrum
1170 2742 1297 2825 sapiens
1319 2742 1381 2806 ali·
1446 2823 1455 2837 ,

16 2836 109 2943 ‘quid
129 2837 245 2912 sciat,
262 2839 318 2900 sed
340 2849 449 2901 utrum
473 2838 598 2921 sapiens
621 2837 789 2923 quisquam
810 2856 882 2902 esse
903 2837 1021 2920 possit.
1078 2838 1153 2918 Qaro
1177 2835 1375 2912 5555111515,

37 2929 93 2994 155
122 2933 336 2996 recedendum
359 2930 421 2996 erit
442 2934 483 2996 ab
505 2931 730 3008 Academicis,
765 2944 798 2996 51
819 2942 925 2996 tecum
944 2931 1007 2996 ista
1029 2931 1199 3018 quaestio,
1224 2941 1378 3017 quantum

39 3028 198 3104 valemus,
224 3023 395 3117 diligenter
417 3036 573 3121 cauteque
596 3028 764 3090 versanda.
820 3027 905 3090 Nam
926 3024 990 3090 illis
1012 3025 1164 3108 placuit,
1189 3025 1243 3088 vel
1264 3022 1376 3117 potina
1410 3050 1412 3057 ·

39 3119 136 3185 51155
167 3130 240 3196 551,
276 3130 308 3182 51
337 3139 408 3183 5555
438 3138 535 3204 posse
563 3117 723 3186 hominem
754 3119 951 3213 sapientem,
985 3131 1144 3185 ettamen
1164 3102 1382 3183 inhominem

38 3211 198 3279 seientiam
227 3215 366 3277 eadere
372 3232 435 3279 non
468 3232 610 3297 posse.
638 3214 748 3297 Quare
769 3213 817 3279 illi
837 3215 1013 3298 sapientem
1035 3213 1118 3278 nihil
1138 3213 1221 3278 scire
1243 3211 1382 3277 affirma
1384 3280 1388 3283 ,

39 3318 121 3371 runt.
181 3307 260 3373 Tibi
275 3318 393 3373 autem
409 3307 552 3373 videtur
561 3307 647 3373 seire
669 3307 874 3393 sapientiam,
899 3310 999 3417 quod
1009 3324 1076 3375 nou
1098 3319 1148 3373 est
1168 3307 1279 3393 utique
1300 3304 1381 3371 nibil

39 3401 130 3487 scire.
176 3403 280 3473 Simul
300 3402 382 3468 enim
405 3401 555 3486 placuit
545 3415 631 3468 inter
653 3406 850 3491 noquuod
871 3403 975 3473 etiarn
988 3402 1075 3467 inter
1097 3422 1208 3468 omnes
1229 3412 1378 3478 veteres,

38 3491 179 3579 interque
203 3496 298 3579 ipsos
317 3498 550 3575 Academicos,
574 3498 658 3563 scire
677 3498 762 3564 laisa
784 3497 941 3564 neminem
963 3516 1081 3582 posse:
1110 3499 1195 3577 5515
1215 3494 1296 3560 illud
1315 3494 1381 3561 iam

39 3590 153 3667 restat',
178 3601 214 3653 ιιι
237 3584 299 3656 aut¹
313 3594 486 3658 contendas
508 3590 586 3656 nilail
609 3612 679 3656 esse
699 3589 908 3675 sapientiam,
947 3603 1001 3657 aut
1022 3591 1119 3667 talem
1140 3589 1316 3677 sapientem
1337 3590 1380 3656 ab

39 3683 236 3750 Academicis
258 3685 422 3764 describi,
446 3685 573 3794 qualem
594 3685 680 3750 ratio
700 3706 766 3751 non
789 3687 914 3765 habet,
937 3686 1083 3751 fatearis.

121 3779 169 3843 V.
202 3782 262 3846 111
286 3781 332 3844 Et
359 3779 409 3863 115
435 3779 562 3846 omissis
595 3781 794 3858 consentias,
828 3792 864 3846 ut
892 3800 1102 3873 quaeramus,
1138 3789 1247 3844 utrum
1275 3776 1385 3863 possit

38 3868 157 3937 homini
177 3874 249 3939 talis
270 3875 448 3958 provenire
470 3874 644 3960 sapientia,
669 3876 795 3960 qualem
816 3875 927 3983 prodit
948 3875 1046 3941 ratim
1096 3876 1174 3941 Non
1189 3873 1274 3942 enim
1284 3871 1384 3937 aliam

39 3967 206 4046 debemus,
231 3981 285 4036 aut
307 3990 478 4053 possumus
500 3982 590 4048 recte
613 3991 732 4036 vocare
753 3969 955 4055 sapientiam.
999 3968 1092 4034 Et
1066 3990 1094 4033 sa
1116 3958 1382 4045 concedam,iu·

39 4061 123 4145 quit,
148 4066 238 4149 quod
259 4076 292 4129 15
317 4086 434 4151 magno
458 4083 559 4148 opere
580 4063 639 4129 niti
661 4064 782 4142 video,
814 4064 892 4131 sciri
914 4085 933 4128 a
953 4061 1096 4147 sapiente
1117 4061 1324 4148 sapientiam,
1347 4072 1390 4141 511
1430 4096 1437 4118 ι
1495 4054 1526 4067 ”

42 4155 157 4242 5115511
184 4159 270 4224 15155
298 4181 358 4224 555
376 4142 621 4267 deprebeffsum
652 4163 742 4245 quod
770 4160 896 4242 sapiens
925 4158 1043 4243 possit
1044 4158 1238 4242 percipere,
1276 4169 1384 4224 umen
1450 4232 1457 4249 Ι

41 4266 238 4340 nequisquam
262 4250 348 4319 niihi
382 4254 527 4319 occurrit
560 4254 829 4319 Academicorum
865 4253 1065 4318 labefactata
1092 4252 1196 4318 omnis
1231 4250 1380 4317 intentior.
1423 4313 1428 4322 ,

38 4337 211 4428 Prospicio
241 4349 324 4411 enirn
354 4346 549 4413 defensionis
578 4346 626 4415 511
655 4347 762 4411 locum
792 4368 859 4412 non
881 4346 1044 4410 minimum
1064 4336 1384 4422 reservaremus

38 4433 119 4501 illam
141 4441 335 4507 assensionis
353 4443 594 4526 suspensionem
616 4462 687 4506 esse
706 4436 904 4524 praecisam,
939 4462 1036 4528 quum
1058 4440 1155 4506 155
1145 4461 1217 4548 rpsq
1246 4460 1382 4504 5555555

39 4550 110 4596 5555
137 4535 248 4600 deesse
277 4558 343 4603 non
374 4537 518 4621 possint,
553 4556 624 4623 quo*
646 4536 816 4601 convictos
845 4548 952 4619 putas.
1008 4534 1128 4603 Dicent
1159 4534 1244 4599 enim
1273 4552 1378 4618 usquc
1422 4572 1424 4579 ·
1474 4570 1476 4583 -

41 4627 118 4693 adeo
152 4631 231 4695 nihil
267 4630 526 4715 comprehendi,
562 4631 704 4716 nullique
739 4628 789 4693 151
821 4629 1039 4697 assensionem
1070 4631 1307 4714 praebendam,
1342 4638 1394 4692 nt»

41 4718 129 4785 etiam
151 4725 216 4789 hoc
238 4727 277 4788 de
298 4724 377 4791 nibil
399 4724 630 4809 percipiendo,
661 4727 752 4811 quod
773 4736 844 4789 tota
867 4724 930 4791 sibi
950 4742 1054 4809 paene
1076 4725 1144 4790 vita
1163 4742 1265 4809 usque
1287 4725 1384 4787 5115

42 4817 249 4894 probabiliter
277 4831 523 4903 persuaserant,
556 4820 722 4883 55551515
744 4820 953 4886 conclusione
976 4818 1038 4884 sibi
1059 4829 1223 4884 extortum
1244 4816 1307 4882 sita
1345 4829 1383 4881 ut

44 4905 110 4973 sive
137 4923 233 4991 tuuc,
271 4913 341 4981 sire
369 4935 454 4978 5555
482 4913 576 4978 huius
605 4912 786 5000 argtsmenti
811 4913 861 4977 vis
883 4913 1034 4978 tarditate
1055 4910 1175 4999 ingenii
1197 4904 1277 4989 mei,
1312 4910 1381 4985 sire

44 5019 78 5065 ιθ
100 5024 175 5081 vera
195 5030 257 5075 suo
279 5011 402 5075 robore
429 5008 546 5075 invicta
574 5008 635 5086 sit,
670 5028 726 5075 eos
756 5009 832 5073 loco
862 5022 995 5080 mouere
1024 5029 1090 5074 non
1119 5006 1243 5105 possit,
1281 5027 1382 5092 quum
