3288 5490
631 408 726 474 um.
749 410 799 474 11.
844 408 888 475 o.
913 354 1016 475 1.ss
1091 462 1095 473 .
1378 363 1386 379 ⁸
1460 416 1480 479 a

139 555 229 640 quod
259 555 301 615 ab
330 570 370 616 eo
393 552 462 614 laus
484 549 691 632 imperatoria
712 572 778 614 uon
801 552 971 617 admodum
993 554 1282 635 exspectabatur¹,
1320 555 1376 641 qui
1398 560 1479 627 ado-

138 649 325 713 lescentiam
347 647 378 709 in
397 646 522 711 forensi
537 667 657 728 opera,
680 658 873 728 quaesturae
888 645 1071 711 diuturnum
1086 656 1230 729 tempus,
1254 649 1393 715 Murena
1408 652 1478 717 bel-

111 746 205 808 'lum
227 745 261 808 in
283 746 396 808 Ponto
425 755 578 826 gerente,
612 741 643 804 in
666 741 783 817 Asia²,
818 761 916 824 pace,
952 754 1207 824 consumpserat.
1253 744 1317 807 Sed
1338 743 1478 809 incredi-

138 839 213 903 bilis
235 841 392 924 quaedam
415 836 536 921 ingenii
559 835 744 922 magnitudo
760 857 839 899 ‚nou
868 834 1063 898 desideravit
1090 837 1261 901 indocilem
1283 822 1359 903 usui
1377 839 1477 904 disci.

137 933 271 1017 pliuaru.
306 935 438 1018 ltaque,
464 953 560 1015 quum
583 941 685 995 totum
707 929 769 993 iter
788 941 820 993 et
835 928 1072 1012 navigationem
1090 933 1341 1015 consumpsisset
1356 934 1474 1018 partim

136 1028 170 1090 in
199 1029 422 1111 percontando
451 1048 469 1088 a
497 1026 627 1109 peritis,
667 1025 781 1108 partim
812 1024 843 1087 in
871 1026 968 1088 rebus
991 1024 1090 1109 gestis
1112 1027 1274 1112 legendis,
1308 1027 1341 1093 in
1363 1029 1476 1095 Asiam

137 1121 263 1185 factus³
284 1121 465 1203 imperator
487 1120 594 1196 venit,
619 1141 717 1205 quum
739 1130 824 1182 esset
845 1119 951 1183 Roma
970 1119 1138 1201 proiectus
1153 1122 1201 1186 rei
1216 1121 1358 1186 militaris
1372 1123 1475 1187 rudis.

137 1215 266 1281 Habuit
288 1215 370 1278 euim
393 1214 532 1307 divinam
554 1216 710 1301 qtrandam
732 1212 919 1277 memoriam
941 1234 1049 1279 rerum
1064 1250 1105 1262 -
1125 1217 1300 1295 verborum
1323 1217 1476 1281 maionem

138 1308 355 1375 Hortensius:
388 1311 462 1386 sed,
487 1330 552 1393 quo
574 1309 647 1392 plus
668 1307 701 1371 iu
724 1308 863 1393 negotiis
887 1307 1035 1393 gerendis
1056 1322 1129 1386 res,
1154 1332 1248 1394 quam
1270 1313 1374 1376 verba
1396 1333 1475 1394 pro·

139 1415 235 1481 suut,
262 1394 327 1467 hirc
349 1416 417 1466 erat
435 1404 593 1466 memoria
622 1401 674 1465 ilia
697 1400 914 1484 praestantior
935 1431 978 1447 -
999 1423 1092 1487 quam
1114 1404 1212 1467 fuisse
1233 1404 1265 1468 in
1289 1406 1476 1472 Themisto·

139 1498 206 1572 cle,
233 1518 326 1580 quem
342 1498 443 1561 facile
469 1497 626 1561 Graeciae
647 1494 824 1580 principem
847 1494 1016 1576 ponimus,
1039 1495 1234 1582 singularem
1254 1496 1375 1564 ferunt.
1412 1497 1477 1581 Qui

139 1593 269 1679 quidem
293 1591 387 1655 etiam
410 1592 576 1674 pollicenti
598 1591 740 1665 cuidam,
766 1596 806 1652 se'
823 1600 924 1653 artem
947 1589 976 1653 ei
997 1590 1188 1667 memoriae,
1213 1611 1295 1677 quae
1317 1603 1383 1657 tum
1409 1593 1478 1678 pri·

139 1709 226 1751 nrum
240 1686 487 1768 proferebatur,
510 1684 719 1761 traditurum,
744 1683 948 1767 respondisse
963 1683 1098 1760 dicitur,
1122 1685 1296 1751 oblivieei⁴
1314 1710 1352 1753 se
1374 1691 1475 1755 malle
1507 1740 1509 1744 »

139 1781 292 1845 discere:
325 1785 441 1854 credo,
468 1782 556 1861 qrrod
577 1778 756 1843 haerebant
777 1779 808 1841 in
831 1778 984 1842 memoria
1006 1801 1213 1865 quaecunque
1236 1792 1267 1846 et
1289 1781 1474 1862 audierat‘,

94 1924 101 1933 .
139 1887 173 1938 et
202 1877 337 1939 viderat.
399 1873 471 1936 Tali
501 1874 629 1957 ingenio
659 1874 821 1959 praeditus
851 1873 1008 1937 Lucullus
1036 1874 1225 1939 adiunxerat
1252 1875 1345 1952 etiam
1366 1877 1473 1955 illam,

138 1991 236 2053 quam
266 1968 501 2059 Themistocles
524 1981 711 2050 spreverat,
748 1967 958 2050 disciplinam.
1016 1964 1150 2053 Itaque,
1186 1981 1221 2032 ut
1243 1969 1344 2034 literis
1367 1972 1475 2035 consi·

138 2083 293 2148 guamus,
318 2083 398 2147 quae
423 2063 632 2126 monumentis
655 2065 804 2127 mandare
827 2061 995 2126 volumust
1009 2062 1072 2125 ’sic
1093 2061 1147 2126 ilie
1169 2064 1202 2127 in
1225 2063 1330 2128 auimo
1351 2087 1404 2130 res
1426 2064 1476 2128 in·

137 2159 280 2238 sculptas
306 2157 456 2221 habebat.
502 2158 535 2220 3.
560 2159 684 2220 Tantus
707 2155 982 2241 ergoimperator
1003 2155 1136 2223 inomni
1160 2178 1278 2243 genere
1300 2158 1377 2224 belii
1398 2158 1472 2235 suit,

137 2250 292 2333 proeliis,
330 2251 643 2337 oppugnationibus,
681 2250 846 2315 navalibus
880 2246 1016 2333 pugnis,
1047 2249 1210 2335 totiusque
1243 2253 1321 2318 belli
1352 2251 1473 2318 interna

1 2420 2 2429 ἵ
106 2347 268 2411 ntentofi
292 2358 324 2409 et
344 2359 518 2428 apparatu,
555 2357 591 2408 ut
611 2346 666 2410 ille
688 2367 767 2420 rex,
798 2357 878 2428 post
900 2343 1120 2408 Alexandrum
1143 2345 1317 2423 maximus,
1348 2350 1474 2413 hunca

137 2461 173 2504 se
197 2439 348 2505 maiorem
369 2444 481 2504 ducem
504 2441 695 2527 cognitum,
728 2460 820 2525 quam
843 2458 1033 2523 quemquam
1054 2460 1186 2514 eorum,
1211 2462 1294 2525 quoe
1317 2443 1470 2535 legisset,

136 2535 308 2604 fateretur.
367 2538 405 2601 ln
427 2537 539 2599 eodem
562 2546 648 2598 tanta
669 2535 838 2617 prudentia
854 2534 915 2597 fuit
936 2532 969 2598 in
991 2534 1220 2599 constituendis
1242 2518 1474 2619 temperaridis·

138 2651 200 2713 que
223 2629 424 2706 civitatibus,
464 2641 551 2693 tanta
574 2629 734 2715 aequitas,
772 2642 808 2693 ut
836 2627 956 2692 hodie⁷
977 2638 1040 2692 stet
1068 2629 1148 2695 Asia
1173 2630 1303 2693 Luculli
1322 2629 1473 2695 institutis

137 2726 304 2791 servandis
326 2738 358 2789 et
380 2726 470 2809 quasi
491 2726 637 2811 vestigiis
658 2719 901 2809 persequendis.
956 2725 1037 2801 Sed,
1073 2723 1132 2788 etsi
1154 2744 1269 2810 magna
1292 2747 1363 2790 cum
1386 2724 1473 2789 utili·
1562 2729 1565 2734 “

135 2833 202 2885 tate
224 2820 462 2902 reipublicae,
486 2833 590 2883 tamen
614 2819 750 2896 diutius,
774 2841 868 2905 quam
893 2817 1024 2893 uellem,
1049 2829 1136 2881 tauta
1159 2819 1206 2882 vis
1230 2818 1355 2883 virtutis
1375 2830 1472 2903 atque

135 2914 259 3000 ingenii
278 2913 483 3000 peregrinata
507 2914 628 2984 abluit,8
651 2916 690 2977 ab
713 2914 815 2978 oculis
848 2925 880 2976 et
907 2913 985 2987 lori,
1014 2924 1045 2976 et
1074 2912 1199 2976 curiae?
1239 2910 1324 2994 Quin
1354 2912 1470 2990 etiain,

136 3032 236 3092 quum
266 3010 374 3075 victor
407 3031 424 3071 a
455 3009 680 3074 Mithridatico
714 3010 799 3073 bello
832 3006 1041 3082 revertisset,
1078 2994 1286 3099 inimicorum
1314 3007 1480 3071 calumnia

90 3090 99 3107 ⁸
134 3104 275 3170 triennio
297 3103 436 3178 tardius,
471 3127 564 3190 quam
588 3106 758 3180 debuerat,
789 3103 1007 3185 triumphavit.
1053 3105 1124 3168 Nos
1147 3103 1229 3166 euim
1252 3104 1399 3169 consules
1419 3103 1472 3166 iu·

134 3199 339 3263 troduximus
367 3219 467 3282 paene
497 3199 528 3262 in
556 3201 668 3262 urbem
697 3220 825 3287 currum
847 3197 1015 3262 clarissimi
1036 3196 1115 3261 viri:
1154 3198 1243 3260 errius
1265 3196 1342 3260 mibi
1364 3197 1471 3261 consi·

135 3294 213 3356 lium
243 3306 275 3356 et
309 3294 483 3358 auctoritas
517 3295 593 3378 quid
618 3305 687 3380 tum
716 3294 749 3356 iu
766 3293 920 3355 maximis
949 3295 1046 3355 rebus
1067 3291 1284 3374 profuisseti,
1309 3290 1469 3367 dicerem,

1 3440 28 3461 ,,
134 3387 197 3451 uisi
227 3390 266 3450 de
295 3409 344 3451 me
372 3387 445 3470 ipso
476 3389 639 3452 dicendum
671 3400 772 3463 esset3
808 3389 895 3470 quod
917 3389 980 3450 boc
1002 3399 1147 3468 tempore
1170 3397 1304 3450 nonest
1326 3406 1469 3449 necesse.

133 3483 185 3545 Ita
196 3485 223 3522 ¹⁰
238 3481 375 3564 privabo
394 3481 502 3565 potius
523 3484 646 3548 illrun¹¹
669 3483 777 3547 debito
800 3480 1004 3558 testimonio,
1028 3502 1122 3565 quam
1145 3480 1178 3543 id
1199 3501 1271 3543 cunr
1292 3500 1362 3543 mea
1377 3479 1470 3543 laude

134 3575 381 3641 communicem.
962 3572 966 3577 ’

221 3670 271 3734 II.
296 3672 328 3733 t.
352 3671 434 3748 Sed,
465 3693 546 3757 quae
574 3669 723 3754 populari
754 3668 857 3754 gloria
880 3667 1031 3734 decorari
1051 3667 1084 3731 iu
1107 3668 1248 3733 Lucullo
1272 3664 1467 3742 debuerunt,

53 3838 56 3844 ¹
134 3785 172 3828 ca
195 3763 265 3829 iere
288 3767 394 3827 sarnt¹²
416 3778 447 3829 et
463 3764 602 3830 Graecis
624 3765 725 3829 literis
748 3765 918 3841 celebrata,
943 3776 974 3827 et
998 3762 1124 3827 Latinis
1133 3765 1172 3826 ¹³.
1196 3764 1268 3827 Nos
1290 3773 1394 3824 autem
1415 3761 1470 3824 ilia

41 3936 45 3943 Ι
133 3852 305 3923 externati
325 3881 396 3922 cum
419 3858 545 3934 miultis,
569 3859 647 3922 haee
668 3858 825 3923 interiora
847 3881 917 3923 cum
940 3858 1050 3942 paucis
1074 3879 1115 3920 ex
1137 3858 1209 3939 ipso
1233 3877 1328 3940 saepe
1344 3876 1469 3940 cogno·

132 3953 251 4020 umus.
302 3954 434 4018 Maiore
457 3952 539 4017 enim
562 3953 669 4019 studio
698 3953 856 4017 Lucullus
878 3952 1011 4040 quum¹⁵
1040 3953 1127 4034 omni
1149 3951 1313 4018 literarum
1336 3950 1468 4037 generi,

209 4173 247 4239 (¹)
267 4200 304 4215 ·-
322 4172 504 4244 spectabatur
533 4172 602 4228 cdd.
631 4172 696 4246 aliq.
723 4175 754 4228 B.
774 4202 811 4216 -
830 4175 1000 4245 sperabatur
1019 4174 1054 4229 D.
1081 4191 1157 4248 susp.
1182 4172 1239 4230 ssd
1257 4197 1282 4232 r.
1303 4185 1470 4251 exspectare
1534 4190 1538 4206 “

130 4246 385 4305 innumerabilibus
406 4254 436 4302 in
453 4248 525 4302 loeis
545 4265 560 4301 a
580 4249 703 4303 librariis
723 4247 872 4303 cormeum
892 4265 933 4303 est
955 4266 1057 4303 cumr
1086 4259 1224 4324 spectare.
1252 4251 1292 4326 (⁹)
1312 4252 1361 4308 Sic
1379 4255 1411 4310 ll
1432 4253 1469 4307 H.

131 4323 171 4379 G.
191 4352 225 4367 -
247 4323 338 4375 Asiae
358 4328 392 4380 V.
413 4325 454 4378 M.
476 4325 507 4378 L.
527 4324 563 4379 D.
586 4333 611 4383 1.
633 4331 658 4379 2.
679 4332 785 4394 (errant
804 4329 840 4381 D.
861 4340 889 4378 et
909 4324 958 4391 G.)
979 4329 1069 4393 (-r‘rr
1086 4326 1189 4377 Asiam
1206 4324 1277 4386 Cdd.
1298 4328 1376 4402 aliq.‚
1396 4327 1470 4383 uude

129 4401 166 4454 D.
187 4415 279 4471 susp:
304 4403 335 4452 iu
354 4400 442 4465 Λεία,
469 4406 499 4452 trs
514 4399 559 4475 p.)
580 4410 587 4474 J
609 4398 646 4475 (³)
665 4430 705 4445 -
719 4394 871 4472 perfectu?
885 4399 1017 4458 Walkeri
1037 4419 1111 4476 susp.
1132 4407 1234 4457 inanis.
1278 4404 1317 4474 (i)
1336 4430 1375 4448 -
1394 4403 1470 4471 obli,-

128 4478 226 4528 monta
246 4474 350 4542 Guyeti
376 4492 451 4550 susp.
477 4480 529 4544 (-
546 4494 628 4548 quam
653 4475 759 4529 discere
778 4476 828 4550 Η.)
878 4475 918 4550 (⁵)
937 4477 985 4530 Sic
1005 4478 1042 4535 G.
1061 4496 1076 4532 e
1097 4476 1166 4536 cad.
1187 4502 1224 4519 ·-
1243 4499 1269 4552 q.
1289 4480 1422 4534 mediaret
1439 4487 1469 4531 et

130 4550 246 4604 viderat
265 4551 298 4604 Β.
319 4552 354 4605 Η.
372 4565 411 4605 ω
429 4573 454 4625 q.
474 4552 615 4616 audierat,
635 4560 687 4603 aret
701 4570 734 4609 v,
754 4555 785 4606 V.
807 4554 850 4608 M.
871 4555 901 4607 l..
919 4581 959 4597 -··
977 4571 1001 4623 q.
1022 4554 1100 4620 aud,-
1119 4555 1169 4607 uel
1183 4573 1213 4608 v.
1234 4558 1317 4612 Grut.
1337 4556 1372 4610 Ι).
1395 4563 1420 4612 1.
1441 4561 1468 4610 2.

58 4636 70 4647 ‘
130 4633 192 4681 tine
219 4631 397 4683 auctoritate.
449 4626 487 4696 (⁶)
513 4659 549 4672 -
574 4632 768 4680 instrumentis
792 4630 824 4682 B.
843 4630 880 4684 H.
901 4628 933 4684 l..
978 4628 1016 4696 (⁷)
1034 4658 1073 4676 ··-
1091 4629 1224 4774 bodiesque
1243 4633 1330 4687 Drtk.
1350 4628 1386 4685 ad
1405 4630 1468 4688 Lien

131 4708 166 4765 5.
194 4709 247 4768 27,
280 4707 306 4755 9.
344 4701 399 4755 Sed
428 4701 479 4759 cir.
505 4704 663 4758 liamsborn
693 4704 821 4758 Gratum.
846 4724 875 4778 p.
906 4708 970 4763 519.
1015 4705 1054 4772 (⁸)
1079 4735 1118 4749 -
1141 4725 1161 4757 a
1179 4706 1274 4762 uidi..
1293 4724 1411 4781 semper.
1431 4706 1497 4771 D.=
1563 4766 1566 4773 ,

131 4776 170 4850 (⁹)
188 4807 228 4820 -
242 4774 422 4850 profuissent
440 4777 492 4833 Cd.
512 4779 554 4833 El.
574 4780 654 4851 prob.
674 4778 709 4832 D.
729 4780 845 4853 Recepit
860 4780 1006 4835 slluelsem.
1027 4779 1078 4855 (¹⁰)
1091 4784 1139 4837 Sic
1159 4783 1191 4834 V.
1211 4782 1247 4838 G.
1266 4799 1306 4837 ee
1323 4789 1417 4854 ltaque
1436 4785 1468 4836 B.

130 4853 166 4907 Η.
188 4854 230 4908 tt.
251 4854 283 4907 l..
303 4853 337 4907 D.
360 4860 385 4912 1.
407 4859 433 4909 2.
478 4856 529 4924 (¹¹)
555 4855 603 4909 Sic
630 4856 662 4909 V.
687 4855 721 4909 D.
748 4855 785 4909 G.
806 4863 832 4909 2.
857 4879 894 4915 =
914 4857 992 4909 sturm
1008 4863 1105 4929 potius
1123 4857 1226 4911 Ceteri.
1274 4856 1326 4932 (¹2)
1344 4878 1383 4912 ε
1402 4865 1469 4908 usne

121 4927 196 5001 scre
216 4927 268 4987 Cd.
287 4930 344 4982 Erl.
364 4930 446 5003 prob.
466 4931 503 4984 G.
553 4930 605 5006 (υ)
626 4929 674 4984 stc
694 4935 752 5001 inm
772 4931 804 4985 B.
822 4931 860 4987 fl.
880 4933 931 4998 V.,
962 4948 1023 4986 tum
1041 4934 1077 4987 D.
1099 4940 1126 4990 l.
1145 4935 1181 4988 G.
1202 4940 1228 4988 2.
1247 4960 1286 4978 ·-
1305 4935 1357 4987 Gr.
1376 4930 1429 4987 tte.
1441 4939 1483 4982 ot·

130 5004 245 5059 Latinis
263 5006 314 5061 cel.
334 5006 376 5063 M.
396 5007 428 5061 l..
466 5007 520 5079 (Ν)
538 5033 579 5051 ...
595 5010 744 5060 exteriora
761 5009 850 5064 Β.·Η.
870 5008 912 5064 Μ.
932 5009 965 5063 L.
1003 5009 1055 5077 (¹⁵)
1073 5030 1112 5071 ε
1129 5017 1189 5061 tum
1208 5011 1241 5066 B.
1261 5009 1296 5064 Η.
1453 5057 1457 5061 .
