3288 5490
595 354 745 490 most
789 364 925 464 ce
1373 401 1415 469 ot
1493 419 1532 483 ρ
1599 392 1620 473 st

97 553 160 618 tur,
190 552 219 603 et
239 538 300 604 isto
321 518 433 605 modo.
492 536 579 621 Quid
598 544 667 618 m'e,
697 537 853 624 inquam.
876 550 992 622 putas,
1015 535 1072 627 qui
1092 539 1332 626 philosophiam
1352 541 1416 609 lam
1465 514 1469 519 .

96 637 250 721 professus
272 635 330 699 sim
350 635 495 718 popolo¹
518 646 632 700 nostro
661 634 903 713 exhibiturum?
935 634 1115 720 Pergamus
1137 635 1257 721 igitur,
1290 638 1413 724 inquit,

96 731 232 818 quoniam
253 731 369 813 placet.
415 732 468 795 19.
491 729 568 813 Euit
590 731 693 816 ergo²
714 729 777 793 iam
799 740 930 812 accepta
951 750 971 793 a
998 730 1137 795 Platone
1166 731 1414 815 philosophandi

95 825 170 893 ratio
189 824 324 907 triple13
345 845 428 899 una,
453 826 492 889 de
514 824 580 907 vita
603 837 636 889 et
658 823 821 889 moribus:
844 825 964 900 altera,
988 826 1028 888 de
1050 836 1164 889 natura
1185 835 1217 890 et
1235 827 1333 891 rebu's
1356 848 1414 892 oe·
1465 896 1468 908 .

96 921 195 984 cultis:
217 914 325 996 tertia,
349 921 388 983 dc
403 918 607 997 disserendo,
631 930 664 985 et
681 919 758 1006 quid
773 941 906 995 verum,
930 917 1008 1004 quid
1023 919 1179 995 salsum³;
1202 917 1412 1005 quidrectum

92 1011 280 1087 lucratione
298 1034 496 1099 pravumve3
520 1013 595 1098 quid
608 1012 811 1079 consentiens
824 1013 896 1090 siti,
921 1013 998 1096 quid
1012 1025 1171 1100 repugnet
1179 1014 1205 1088 ⁵,
1229 1012 1413 1081 iudicando.
1461 1043 1468 1069 ν

92 1112 138 1177 Ac
156 1110 285 1194 primam
307 1120 433 1192 partem
454 1108 559 1173 illam⁶
575 1109 662 1173 bene
684 1107 813 1172 uiuendi
834 1120 980 1195 aluatura
994 1110 1163 1190 petebant,
1188 1108 1280 1194 eique
1295 1130 1412 1192 paren·

93 1206 157 1267 dum
179 1225 245 1267 esse
267 1204 434 1269 dicebant:
471 1226 575 1291 neque
598 1205 663 1267 ulla
684 1203 746 1266 alia
767 1203 798 1267 in
820 1225 876 1280 re,
906 1202 966 1268 nisi
987 1201 1021 1267 in
1041 1217 1171 1278 natura,
1196 1208 1412 1287 quaerendum

92 1321 152 1367 esse
171 1299 246 1363 illud
266 1321 421 1365 summum
448 1301 589 1377 launum,
624 1308 692 1383 quo
715 1297 820 1362 omnia
840 1297 1059 1373 reserrentur3
1090 1298 1409 1386 constituebantque*²

92 1404 256 1460 extremum
287 1415 357 1457 esse
384 1414 491 1457 rerum
514 1394 766 1476 expetendarum
788 1404 822 1455 et
840 1392 935 1456 finem
956 1394 1135 1468 bonorum,
1170 1396 1318 1476 adeptum
1341 1415 1411 1459 csse

92 1487 185 1551 omnia
213 1509 231 1551 e
259 1499 373 1552 natura
410 1498 442 1551 et
468 1485 574 1553 auimo
609 1497 643 1550 et
668 1500 811 1568 ‘corpore
840 1496 874 1550 et
902 1484 982 1550 uita.
1024 1484 1187 1570 Corporis
1216 1497 1322 1550 autem
1351 1485 1412 1552 alia
1460 1560 1467 1575 ἣ

90 1582 238 1665 ponebant
259 1602 332 1646 esse
353 1581 386 1645 in
407 1593 499 1659 toto,
534 1580 595 1644 alia
623 1579 656 1644 in
675 1579 842 1664 partibust
878 1578 1110 1656 valetudinem,
1135 1578 1240 1657 vires,
1263 1579 1412 1662 pulchri·

86 1673 230 1751 tudinem,
253 1674 288 1739 in
310 1687 401 1741 totos
432 1673 634 1758 inpartibus
657 1684 781 1750 autem,
806 1682 918 1739 sensus
936 1672 1102 1759 integros,
1127 1680 1160 1739 et
1179 1673 1410 1756 praestantiam
1476 1736 1495 1779 Ι,

86 1766 208 1854 aliquam
228 1768 369 1851 partium
384 1767 603 1854 singularum:
626 1778 661 1831 ut
682 1767 714 1831 iu
735 1767 891 1852 pedibus,
916 1767 1141 1843 celeritatem·
1153 1767 1238 1845 rim,
1261 1765 1294 1830 in
1309 1767 1410 1829 mani·

84 1863 151 1938 bus3
178 1863 376 1941 claritatem,
413 1861 447 1926 iu
468 1881 571 1937 vocet
605 1863 638 1927 iu
658 1862 772 1948 lingua
791 1861 886 1926 ctiam
907 1862 1110 1944 explanatam
1131 1882 1249 1926 vocum
1272 1854 1409 1942 expres}

84 1957 233 2020 sionem':
273 1957 329 2021 20.
353 1955 447 2020 animi
469 1967 592 2033 autem,
617 1977 698 2040 quae
720 1967 826 2021 essent
847 1958 887 2019 ad
901 1956 1229 2038 comprehendendam
1247 1954 1409 2039 ingeniis⁸

83 2049 220 2114 virtutem
235 2049 371 2125 idonea3
394 2069 496 2135 eaque
511 2050 552 2113 ab
567 2049 605 2115 iis
626 2049 657 2114 in
680 2049 858 2125 naturam⁹‚
882 2060 914 2112 et
935 2070 1042 2114 mores
1064 2048 1300 2114 dividebantur.
1338 2050 1409 2117 ita-

84 2152 171 2207 turte·
184 2143 382 2209 celeritatem
405 2142 647 2209 addiscendum
670 2156 702 2209 ct
723 2143 909 2209 memoriam
924 2145 1061 2206 dabant:
1084 2163 1222 2229 quorum
1237 2153 1409 2229 rituumque

83 2237 184 2302 mentis
198 2239 328 2302 ‘essetw
348 2237 517 2323 proprium
540 2249 572 2303 et
587 2237 721 2324 ingenii.
765 2236 899 2301 Morum
914 2247 1018 2300 autom
1032 2238 1189 2320 putabant
1203 2236 1307 2300 studia
1321 2258 1406 2317 esse,

86 2342 113 2395 et
131 2331 217 2417 quasi
238 2332 524 2397 consuetudinem:
549 2352 644 2416 qnam
664 2329 782 2415 partim
806 2329 1043 2402 exercitationis
1066 2329 1265 2407 assiduitate,
1289 2331 1407 2414 partim

82 2427 194 2490 ratione
215 2426 424 2502 formabantt
457 2425 491 2491 iu
513 2425 630 2512 quibus
651 2437 721 2495 erat
741 2424 948 2509 philosophia
969 2424 1052 2507 ipsa.
1103 2424 1141 2488 ln
1164 2446 1225 2508 qua
1248 2427 1337 2512 quod
1357 2426 1410 2488 in·

82 2521 218 2584 choatum
240 2532 310 2596 est,
335 2539 439 2605 neque
462 2521 698 2596 absolutumfl,
722 2518 913 2604 progressio
934 2520 1089 2603 quaedam
1111 2520 1152 2581 ad
1172 2516 1323 2583 virtutem
1347 2540 1407 2602 ap·
1492 2568 1496 2577 .

80 2613 222 2693 pullatum:
248 2615 338 2700 quod
352 2626 457 2678 autem
474 2614 667 2688 absolutum,
682 2610 791 2687 idest,
809 2610 923 2687 virtus,
947 2611 1073 2698 quasi?
1083 2610 1243 2694 perfectio
1259 2625 1406 2692 naturae,

24 2724 25 2727 ’
83 2705 276 2793 omniumque
298 2729 429 2786 rerum,
454 2727 532 2792 queas
554 2706 587 2771 in
609 2704 719 2770 animis
739 2715 874 2788 ponunt,
898 2725 960 2768 una
982 2725 1036 2791 res
1059 2704 1192 2789 optima.
1238 2708 1288 2774 21.
1311 2708 1406 2794 Ergo

81 2800 149 2864 laec
178 2802 370 2866 anim0rum.
429 2802 527 2866 Vitae
560 2810 664 2866 autem
694 2800 741 2881 (id
762 2811 831 2862 erat
852 2796 970 2863 e'nim¹³
991 2797 1133 2879 tertium)
1166 2798 1310 2864 adiuncta
1334 2821 1405 2865 esso

83 2894 234 2973 dicebant,
275 2915 358 2981 quae
391 2897 432 2959 ad
460 2894 588 2959 virttttis
611 2916 702 2958 usum
723 2894 880 2957 valerent.
938 2894 1022 2958 Nam
1042 2893 1147 2957 virtus
1170 2893 1311 2957 cernitur
1322 2895 1351 2935 11
1370 2895 1405 2962 io

83 2987 280 3070 quibusdam,
305 3011 388 3077 quae
410 3010 475 3054 non
496 2999 563 3053 iam
584 2999 735 3066 natiuae,
770 3010 864 3072 quam
885 2989 998 3052 beatae
1021 2988 1124 3063 vitae,
1148 2986 1293 3052 adiuncta
1316 3000 1403 3054 sunt.

83 3081 242 3149 Hominem
272 3104 343 3149 esse
372 3084 561 3161 censebant,
584 3080 687 3167 -quasi
714 3094 838 3164 partem
859 3084 1026 3166 'quandam
1048 3079 1186 3145 civitatis
1209 3095 1240 3146 et
1263 3080 1406 3147 universi

24 3206 25 3211 ¹
82 3177 196 3262 generis
217 3179 366 3255 humani,
391 3198 526 3262 eumque
549 3198 618 3242 esse
639 3175 843 3240 coniunctum
859 3196 931 3239 cum
945 3174 1124 3240 hominibus
1139 3150 1311 3239 humari¹⁵
1325 3196 1405 3259 qua·

83 3274 144 3334 dam
165 3272 333 3337 societate.
377 3274 430 3337 Ac
452 3273 492 3334 de
513 3286 637 3336 summo
659 3270 785 3356 quidem
808 3271 939 3358 atque¹⁶
960 3269 1097 3337 naturali
1117 3270 1266 3347 bonosio
1281 3282 1403 3356 agunta
1495 3355 1498 3360 -

82 3377 175 3429 octena
198 3379 306 3431 autem
327 3366 492 3449 pertinere
514 3367 553 3430 aii
573 3365 607 3430 id
627 3377 741 3448 putant
762 3350 817 3431 aiut
835 3355 1055 3451 adaugendum
1063 3363 1110 3442 ¹⁷,
1135 3376 1189 3426 aut
1203 3366 1353 3426 tuendum
1363 3364 1403 3438 ¹³3

81 3468 112 3519 ut
130 3460 276 3551 divitias,
307 3471 343 3524 ut
365 3477 463 3541 opes,
492 3471 528 3523 ut
549 3457 706 3545 gloriam,
729 3470 766 3525 ut
788 3460 935 3547 gratiam
978 3459 1029 3524 Ite
1051 3456 1212 3543 mipartita
1232 3459 1273 3520 ab
1293 3456 1333 3520 iis
1353 3453 1404 3520 in·

84 3551 200 3618 ducitrm
221 3554 306 3620 ratio
329 3556 502 3618 bonorum.
745 3572 750 3581 ’

85 3679 1405 3721 ...-—----——-2-·'---—--------------

149 3774 185 3840 (1)
204 3802 245 3816 -
263 3791 306 3825 me
322 3791 387 3846 pop.
407 3772 439 3827 L.
460 3770 489 3830 d.
529 3774 567 3843 (²)
585 3799 628 3818 -‘
643 3791 700 3828 om.
720 3792 791 3844 ergo
809 3776 878 3828 Vera.
897 3775 933 3828 Η.
971 3773 1009 3842 (³)
1030 3772 1077 3828 sic
1095 3776 1174 3849 Man.
1195 3774 1299 3827 Rursus
1319 3772 1356 3828 G.
1377 3771 1409 3831 d.

82 3847 106 3899 2.
122 3875 155 3892 ··
173 3857 201 3900 et
220 3846 416 3920 quidfalsum
435 3851 543 3918 Ceteil,
574 3853 658 3903 etiam
679 3853 711 3904 V.
730 3851 762 3905 L.
815 3851 854 3918 (1)
874 3849 922 3903 Sis
941 3849 978 3904 G.
997 3846 1028 3904 G.
1049 3854 1076 3903 2.
1096 3876 1130 3890 -
1151 3866 1207 3902 om.
1227 3854 1267 3899 sii
1287 3849 1409 3903 Priores.

82 3917 116 3994 (1)
127 3949 167 3977 .-
186 3922 255 3995 quid
266 3940 436 3996 repugnans
455 3925 496 3981 Μ.
517 3925 549 3981 L.
579 3918 620 3981 (i.
660 3924 699 3994 (1)
721 3925 768 3980 sic
787 3925 823 3979 H.
842 3926 885 3979 M.
904 3925 937 3978 L.
958 3928 985 3980 2.
1002 3922 1179 3995 :primam
1198 3924 1276 3981 illam
1293 3933 1410 3995 partem

81 3997 112 4048 V.
126 3997 159 4052 D.
179 3999 235 4053 Hb.
256 4005 287 4056 1..
303 4022 339 4042 -ι
355 4005 479 4071 primum
493 4009 607 4072 partem
627 4001 705 4052 iliam
725 4018 741 4053 e
760 3999 831 4055 Cdd.
850 4001 886 4057 G.
906 3999 995 4053 Falso.
1015 3998 1306 4074 respondentem.
1321 4004 1409 4059 etio.

83 4067 115 4143 (⁷)
133 4090 148 4124 e
166 4070 236 4128 Cdd.
257 4073 323 4128 Sch.
343 4079 428 4131 2.'·-
445 4079 656 4147 impressionem
673 4076 776 4129 Ceteri.
822 4075 859 4144 (⁸)
880 4093 896 4128 e
915 4074 985 4129 cdd.
1004 4076 1087 4129 Grut.
1107 4075 1142 4127 D.
1163 4074 1222 4150 (hic
1242 4074 1302 4146 [].)
1324 4084 1349 4133 1.
1372 4075 1410 4128 G.

82 4144 106 4200 i.
117 4154 268 4219 -ingenii
280 4150 314 4203 H.
330 4153 361 4203 V.
376 4150 417 4203 M.
432 4150 462 4203 L.
477 4150 531 4205 Hb.
543 4178 581 4195 -
594 4151 647 4205 del.
660 4150 757 4207 Huels.
785 4151 823 4220 (⁹)
836 4176 874 4196 -
884 4166 939 4204 om.
952 4169 982 4204 v.
996 4168 1080 4223 eaque
1094 4149 1129 4200 ab
1143 4154 1178 4200 iis
1192 4149 1272 4214 cod,
1288 4164 1410 4221 quorum

82 4218 196 4288 librarii,
216 4229 313 4277 nescio
333 4242 388 4296 quo
409 4240 541 4298 stupore,
562 4232 650 4279 animi
662 4244 713 4301 pro
732 4245 809 4282 nom.
829 4227 901 4301 plur.
915 4224 1072 4291 habebant,
1092 4230 1215 4297 quamvis
1242 4222 1411 4297 sequebatur

82 4313 153 4366 quae.
172 4300 222 4353 His
243 4298 313 4356 ced.
333 4299 462 4353 obsecuti
482 4317 546 4355 suut
568 4302 603 4359 G.
620 4319 647 4356 et
666 4302 731 4357 ech.
753 4309 780 4359 2.
800 4302 909 4378 (11)-
927 4309 971 4352 est
990 4302 1024 4355 Η.
1044 4301 1139 4373 Legna
1156 4315 1194 4353 oe
1212 4316 1281 4353 esse.
1302 4299 1353 4366 (11)
1373 4312 1411 4351 oo

83 4387 159 4444 neque
180 4373 343 4447 perficium
361 4375 431 4429 Cdd.
448 4375 512 4447 aliq.
536 4377 571 4431 ll.
591 4380 624 4432 V.
641 4378 713 4453 (non
726 4395 791 4431 vero
805 4379 848 4432 M.
861 4378 903 4442 L..
923 4392 954 4430 ut
968 4381 1007 4429 ait
1021 4373 1070 4448 G.)
1108 4376 1158 4443 (¹²)
1178 4400 1217 4428 -.·
1234 4383 1264 4426 et
1283 4378 1366 4445 qiuari
1380 4375 1411 4428 l..

24 4502 26 4509 ,
82 4448 109 4497 lu
126 4466 161 4500 m.
183 4454 266 4510 1584.
319 4450 370 4519 (¹³)
390 4470 406 4505 e
426 4450 496 4506 Cdd.
519 4452 555 4508 G.
576 4458 603 4509 2.
627 4476 666 4510 =
688 4458 762 4504 enim
782 4462 846 4504 erat
865 4454 966 4506 Ceteri.
1005 4448 1055 4519 (11)
1074 4454 1122 4504 Sic
1141 4451 1177 4506 G.
1194 4447 1224 4505 d.
1237 4457 1272 4506 ·2.
1291 4477 1330 4493 -
1348 4448 1413 4501 lam

82 4526 168 4574 uirtus
186 4523 280 4577 animi
293 4526 374 4579 tionis
392 4536 422 4579 et
439 4532 566 4599 eorporis
584 4534 708 4580 cernitur
729 4530 832 4582 Ceteri.
853 4547 878 4581 v.
898 4531 987 4579 animi
1006 4524 1086 4577 bonis
1104 4535 1133 4578 et
1151 4529 1277 4597 corporis
1298 4524 1411 4596 eglose.

84 4598 149 4661 (s'cil.
178 4600 213 4652 ad
242 4601 415 4673 praecedens·
437 4622 464 4659 u.
489 4602 723 4671 adtaminare
750 4610 809 4657 esse
830 4607 941 4677 primus
957 4599 1025 4655 vidit
1045 4601 1182 4665 Walter,
1204 4599 1359 4670 delevitque
1380 4610 1412 4651 es

84 4668 216 4731 lluelsem.
238 4678 311 4745 (Iam
329 4683 438 4745 virtus,
461 4688 660 4751 praeterquam
688 4684 777 4731 animi
795 4680 876 4731 bonis
895 4688 924 4730 et
941 4681 1086 4748 corporis,
1107 4682 1232 4730 cernitur
1252 4704 1270 4717 -
1290 4707 1309 4717 -
1330 4690 1413 4747 quam

84 4745 252 4805 beatissimae
280 4759 360 4806 vitae
389 4769 443 4808 cet.
463 4754 584 4809 Bentleii
604 4760 693 4829 susp.)
741 4755 794 4824 (1⁵)
815 4784 849 4797 -
871 4757 1008 4807 communi
1027 4750 1051 4806 I.
1073 4753 1103 4804 i.
1124 4753 1258 4807 Gronovii
1280 4768 1353 4825 susp.
1374 4763 1413 4804 co

85 4825 219 4877 mundam
237 4830 356 4884 Bentleii
377 4842 470 4903 auspi,
491 4827 601 4897 (11)-
618 4849 652 4883 ac
672 4832 714 4884 M.
736 4832 768 4885 L.
807 4829 858 4905 (¹⁷)
878 4832 927 4885 Sic
946 4828 1013 4881 Ero.
1034 4835 1061 4895 l.
1082 4827 1118 4880 G.
1139 4832 1165 4882 2.
1186 4854 1220 4867 -
1240 4832 1291 4877 dni
1307 4825 1348 4878 ad
1355 4843 1413 4876 art-

85 4899 197 4963 gemlum
216 4902 283 4958 Cdd.
297 4906 330 4958 H.
348 4907 381 4959 V.
403 4908 436 4963 D.
457 4903 509 4958 Hb.
524 4920 562 4958 so
575 4914 627 4958 ortt
639 4907 800 4975 erigendum
813 4926 827 4958 e
842 4905 892 4960 cd.
907 4905 1025 4959 Momm.
1041 4905 1071 4958 L.
1086 4908 1136 4969 (··-
1146 4911 1195 4953 crit
1213 4900 1255 4951 ad
1271 4901 1413 4974 agendum

86 4969 136 5041 M.)
173 4977 223 5045 (¹⁸)
243 4978 288 5034 Sic
307 4981 338 5034 L.
358 4981 425 5035 Eun.
446 4988 472 5040 1.
492 4979 526 5035 G.
547 4987 573 5038 2.
592 4991 699 5066 gant
717 4982 901 5034 adtuendam
920 4982 956 5034 ll.
976 4983 1009 5034 V.
1029 4978 1072 5033 M.
1093 4979 1129 5031 D.
1148 4977 1203 5035 ΙΙΙ).
1252 5005 1255 5010 ·
1288 4989 1291 4997 “

1485 5026 1495 5051 l
1519 5026 1528 5057 l
