3226 5488
214 404 324 505 'aad
512 506 513 515 Ν
685 432 829 498 enrnr
852 430 1132 498 vacnurraa

247 593 327 660 quae
352 571 485 657 politica
509 571 642 649 dicitur,
676 571 814 637 coluisse
840 571 1040 638 videantur¹.
1095 573 1178 637 Nam
1201 569 1362 657 religionis
1385 574 1540 655 procuratio

248 679 343 753 etque
365 666 553 731 constitutio
575 665 677 730 civilis
697 667 937 753 gubernationis
956 667 1057 749 prims
1074 663 1310 750 praecipuaque
1330 685 1407 747 pars
1422 666 1541 728 habetur.

248 761 332 826 Post
345 762 406 826 hos
422 759 663 843 ii'prodierunt,
688 758 761 846 qui,
784 761 873 845 quod
887 773 1020 825 naturae
1033 780 1140 823 rerum
1157 758 1420 840 contemplationi
1432 759 1543 840 impense

248 867 422 930 vacarunt,
446 852 589 936 physici,
613 853 646 941 id
663 866 731 929 est,
756 853 935 929 naturales,
959 864 1196 939 nuncupantur.
1239 853 1329 928 Inter
1350 854 1410 917 hos
1427 851 1543 926 illustris,

248 951 305 1031 real
342 947 482 1015 Socratis
516 947 700 1032 magisterio
725 947 905 1024 illustrior,
942 949 1157 1035 Anaxagoras
1191 947 1398 1030 physicorum
1431 946 1543 1009 ultimus.

249 1043 330 1106 Nam
357 1055 431 1125 post
455 1042 621 1105 Socratem
634 1037 702 1104 'alia
729 1040 977 1123 philosophandi
998 1043 1081 1106 ratio
1102 1041 1174 1105 luit.
1231 1041 1338 1121 Quum
1360 1039 1441 1102 enirn
1463 1039 1545 1120 philo·

157 1170 159 1181 1
213 1180 217 1187 -
248 1134 423 1217 sophorum
445 1134 546 1200 maior
567 1135 666 1217 pars⁸
687 1134 922 1217 philosophiam
949 1155 1138 1220 muneraque
1167 1135 1207 1197 de
1231 1133 1387 1216 sapientia
1411 1133 1549 1196 tractatio·

247 1250 318 1294 nem
342 1228 376 1293 in
397 1242 461 1292 tres
488 1239 596 1311 partes
618 1229 801 1302 distribuat,
839 1228 872 1291 id
894 1241 961 1305 est,
994 1229 1027 1293 in
1055 1228 1098 1295 τὰ
1122 1223 1260 1315 λογικὰ,
1289 1225 1333 1293 τὰ
1361 1226 1485 1319 φυσικὰ
1499 1227 1546 1291 ’καὶ

248 1322 290 1389 τὰ
317 1318 448 1404 ἠθικὰ,
476 1345 610 1408 quarum
632 1322 734 1405 prima
761 1324 801 1385 de
822 1343 970 1388 sermone
991 1326 1181 1408 rationeque
1201 1334 1267 1397 csta
1290 1325 1434 1404 ⁴sectanda
1454 1323 1490 1383 de
1507 1341 1546 1382 oa·

249 1427 339 1497 tura3
376 1417 469 1481 tertia
494 1439 572 1481 uero
602 1418 641 1480 de
668 1416 834 1493 moribus,
869 1419 958 1481 cuiuis
987 1420 1159 1481 membrum
1190 1415 1321 1498 politica
1352 1428 1444 1491 saint,
1463 1434 1546 1499 quau
1579 1472 1580 1479 ,

248 1523 391 1595 quartam
418 1511 641 1593 philosophiae
666 1522 788 1592 partem
812 1515 1018 1575 numerabant
1044 1509 1274 1592 Peripatetici:
1299 1510 1426 1592 Logiea
1448 1509 1547 1592 quiden

246 1616 278 1669 et
296 1607 421 1670 ‘Ethica
452 1606 506 1691 qui
529 1606 695 1669 Socratem
726 1627 931 1688 praecessere
964 1627 1023 1670 nee
1055 1604 1179 1667 nomine
1212 1614 1303 1665 tentas
1327 1613 1546 1665 tractaverunt:

229 1701 343 1769 multa
368 1701 513 1782 ipsorum
545 1698 627 1761 dicta
648 1710 680 1760 et
702 1702 973 1783 apophthegmata
998 1700 1038 1762 ad
1060 1718 1164 1762 mores
1189 1696 1379 1777 pertinentia
1405 1695 1546 1757 circumle-

247 1797 421 1869 rebantur,
446 1796 504 1856 sed
528 1813 591 1855 non
614 1813 695 1876 quac
720 1805 819 1856 ortem
845 1795 1046 1868 redolerent,
1077 1803 1132 1853 aut
1154 1790 1310 1873 integram
1332 1811 1455 1853 morum
1476 1786 1547 1848 disci·

247 1889 364 1974 plinanr
398 1886 604 1952 conficerent.
659 1886 812 1950 Pluribus
845 1887 938 1949 etiarn
971 1886 1150 1949 rationibus
1178 1896 1210 1945 et
1244 1882 1546 1966 argumentationibus

245 1981 331 2045 iuter
353 1983 531 2063 docendum
553 1991 585 2041 et
607 1979 820 2042 disserendum
842 1980 891 2042 usi
914 1991 1005 2043 stant:
1044 1998 1154 2042 oannes
1178 1974 1261 2038 enim
1282 1977 1429 2039 homines
1450 1977 1547 2037 ratione

245 2087 391 2138 utuntur.
449 2074 572 2136 'samen
602 2068 908 2158 argumentationum
938 2075 1206 2136 contexendarum
1239 2082 1271 2131 et
1304 2070 1547 2133 diiudicandarun
1579 2078 1580 2145 t

140 2218 143 2222 ι
248 2191 300 2234 ars
323 2163 509 2245 διαλεκτικὴ
531 2177 644 2250 postea
668 2178 801 2241 uocata,
841 2189 999 2251 utinquam
1022 2166 1083 2229 illis
1109 2165 1139 2228 in
1168 2175 1301 2239 mentem
1331 2177 1475 2226 venerat.
1516 2163 1548 2224 At
1579 2152 1580 2239 i

105 2266 109 2275 “
246 2262 396 2326 Socrates
418 2281 483 2324 non
505 2259 531 2323 is
553 2272 632 2336 erat,
657 2260 711 2343 qui
733 2280 800 2322 rem
823 2260 919 2323 ullam
941 2261 1008 2324 siue
1024 2271 1092 2323 arte
1107 2257 1278 2340 acciperet,
1302 2269 1357 2319 aut
1372 2279 1468 2341 agere
1482 2277 1547 2318 eon·
1579 2266 1580 2343 t

247 2358 376 2419 anodiam
399 2356 561 2416 duceret*
586 2355 692 2440 Igitur
714 2376 809 2438 quum
833 2355 946 2419 omissa
971 2353 1098 2418 curiosa
1119 2352 1173 2414 illa
1195 2361 1325 2415 naturae
1345 2363 1377 2413 et
1393 2348 1547 2413 sublimium
1579 2346 1580 2413 l

247 2447 463 2530 speculatione
487 2460 580 2531 atque
601 2448 824 2534 indagatione,
849 2460 880 2512 et
901 2448 1027 2512 r‘atione
1050 2447 1096 2510 uti
1112 2449 1195 2508 ,dirce
1218 2444 1250 2506 in
1272 2447 1394 2529 agenda
1418 2443 1495 2519 uita,
1525 2454 1547 2502 et
1579 2420 1580 2487 l

245 2562 319 2605 suos
343 2541 539 2625 aliorumque
562 2541 722 2605 hominurn
746 2563 851 2607 mores
874 2543 1043 2605 efformare
1064 2539 1267 2613 instituisset,
1299 2559 1409 2601 eurtum
1440 2557 1543 2608 rerttn,

244 2632 277 2697 id
298 2646 365 2708 est,
404 2633 538 2698 rationis
569 2656 756 2718 morumque
787 2646 871 2698 artes
902 2634 1079 2709 adinvenit;
1117 2645 1204 2713 certe
1233 2630 1457 2715 peritissimum
1477 2631 1503 2693 in
1520 2628 1545 2690 ts

199 2772 206 2783 ·
247 2726 420 2809 disciplinis
443 2740 474 2790 et
495 2727 660 2813 egregium
684 2726 834 2792 artilicem
858 2729 995 2791 euasisse
1016 2730 1105 2790 illum
1131 2735 1266 2789 constat.
1320 2727 1384 2788 Sed
1414 2746 1502 2810 quum
1525 2731 1547 2782 et

243 2820 314 2902 ipse
335 2822 472 2885 lbrtasse
495 2823 577 2884 sicut
598 2833 629 2883 et
651 2823 847 2902 posteriores
870 2822 1054 2887 Academici
1068 2823 1126 2902 τὴν
1144 2820 1190 2897 εἰς
1206 2815 1342 2907 ἑκάτερα
1361 2821 1543 2906 &nazarenum

243 2915 276 2978 id
298 2927 363 2991 est,
388 2915 631 2997 disputationem
653 2914 683 2976 in
706 2928 1022 3001 utramquepartem,
1048 2916 1197 2998 optimum
1215 2912 1348 2976 docendi
1377 2932 1475 2995 genuus
1495 2906 1545 2970 exi·

243 3009 398 3084 stimaret,
422 3029 525 3093 eoque
547 3008 733 3097 plerumque
756 3021 909 3092 uteretur,
931 3033 968 3074 ao
989 3014 1027 3073 de
1050 3011 1139 3072 indta.
1157 3029 1195 3071 re
1217 3010 1366 3071 audacter
1383 3005 1542 3071 affirmant

244 3105 301 3164 sed
323 3122 478 3187 quaerere
500 3110 626 3182 setnper
650 3101 789 3177 diceret,
821 3115 853 3166 et
875 3106 950 3168 nihil
972 3105 1052 3169 seire
1074 3110 1204 3187 pra'eter
1225 3104 1309 3176 hoc;
1345 3121 1381 3163 ea
1404 3100 1468 3162 eius
1487 3114 1545 3176 pro·

244 3196 385 3260 lessione
408 3195 476 3259 sive
499 3194 748 3259 dissimulatione
770 3197 914 3261 effectum
938 3212 1006 3275 est,
1031 3210 1064 3262 ut
1086 3197 1185 3279 ipsius
1208 3193 1354 3277 discipuli
1376 3194 1444 3257 sive
1465 3200 1544 3253 secta·

243 3301 333 3354 tores
355 3303 386 3354 et
407 3289 567 3364 asseclae,
593 3301 647 3357 aut
667 3290 733 3352 eius
755 3293 940 3357 sententiam
966 3314 1029 3358 non
1051 3294 1144 3376 plane
1165 3291 1392 3373 perviderent,
1432 3297 1482 3349 aut
1499 3299 1544 3364 pra

244 3385 336 3449 vario
367 3384 519 3467 caritasque
547 3384 697 3466 ingenio,
733 3383 764 3446 io
793 3386 899 3450 varias
932 3388 1097 3470 opiniones
1131 3380 1267 3448 abirent.
1322 3382 1423 3446 Certe
1455 3371 1544 3440 ueniri

246 3488 369 3554 eurtum,
394 3475 449 3560 qui
472 3475 617 3540 Socratis
638 3476 851 3542 familiaritate
873 3493 946 3543 sunt
967 3481 1028 3557 usi,
1052 3502 1122 3543 eum
1146 3477 1253 3562 aliquo
1276 3478 1428 3561 quopiam
1449 3494 1486 3535 ex
1503 3488 1550 3533 eo.

137 3574 144 3583 “
245 3570 314 3632 dean
336 3570 487 3635 sodalitio
509 3568 726 3639 inrationalis
749 3584 802 3634 aut
822 3574 953 3636 moralis
975 3573 1198 3656 philosophiae
1218 3570 1387 3634 traditione
1405 3560 1542 3630 convenit.

124 3665 157 3712 ’-
245 3662 317 3724 Siue
339 3663 428 3726 forte
451 3662 542 3726 etiam
566 3664 597 3726 itl
618 3686 659 3727 ex
682 3656 809 3750 gloriae
834 3668 1062 3751 praecipuique
1091 3665 1225 3731 nouiinis
1255 3686 1292 3727 ac
1315 3663 1417 3725 laudis
1445 3652 1542 3738 cupidi·

116 3768 121 3778 “
242 3764 306 3818 tate
328 3767 359 3819 et
383 3758 594 3821 contentionis
616 3760 721 3823 studio
743 3760 899 3824 evenerit.
945 3746 1127 3844 Quippe‘et
1148 3761 1179 3823 in
1196 3758 1332 3827 naturali
1347 3768 1451 3839 parte,
1467 3766 1540 3837 quam

171 3855 180 3861 “
208 3888 212 3895 x
243 3869 306 3910 non
330 3870 345 3911 a
371 3849 504 3914 Socrate
526 3851 718 3929 didicerant,
750 3874 814 3918 non
837 3855 941 3919 minor
962 3857 1043 3918 inter
1065 3856 1154 3938 ipsos
1176 3855 1334 3918 discordia
1358 3863 1418 3914 est.
1473 3844 1540 3910 Siout

239 3955 343 4008 autem
367 3942 397 4006 in
419 3946 478 4007 hae
499 3967 618 4009 summa
640 3949 836 4013 concertatio
858 3955 931 4037 aspi
952 3945 1080 4038 ἀρχῶν,
1114 3948 1147 4012 id
1169 3961 1236 4025 est,
1271 3952 1309 4012 de
1338 3940 1494 4029 principiis
1518 3944 1539 3995 tl

206 4052 208 4057 ’
241 4036 345 4121 cnissis
367 4060 474 4101 rerum
498 4061 623 4121 semper
644 4042 723 4118 luit,
758 4042 799 4105 ita
829 4043 976 4126 deinceps
1002 4045 1034 4106 in
1055 4043 1204 4107 rationali
1224 4048 1298 4131 περὶ
1321 4032 1538 4130 spiramentis

224 4126 426 4210 athenae,
462 4132 494 4194 id
524 4145 590 4207 cst,
627 4136 665 4196 de
694 4120 831 4213 iudiciti,
867 4139 918 4200 'uel
947 4138 1055 4219 potius
1084 4137 1124 4221 (si
1146 4158 1185 4200 eo
1210 4136 1369 4199 vocabulo
1392 4133 1436 4197 uti
1455 4124 1537 4198 liceat)

177 4294 180 4305 Χ
237 4222 428 4288 iratlicatorio
446 4224 605 4302 ueritatis,
631 4229 693 4290 hoe
709 4241 756 4292 est
771 4233 809 4293 de
831 4230 1042 4294 instrumento
1066 4252 1131 4316 quo
1154 4231 1271 4293 veritas
1293 4231 1333 4293 sit
1353 4223 1535 4292 diiudicanda:

236 4326 329 4401 atque
350 4318 383 4380 in
407 4320 521 4382 rarorali
542 4314 774 4408 nepbo'syualoiu
791 4331 847 4390 καὶ
868 4327 996 4405 κακῶν,
1018 4326 1049 4388 id
1072 4337 1138 4401 est,
1163 4327 1376 4391 dehonorant
1392 4322 1535 4385 malonun·

237 4431 300 4492 que
323 4410 467 4488 linibus,
487 4415 692 4496 praecipuum
715 4417 874 4482 dissidium
896 4418 970 4483 luit.
1028 4420 1152 4482 Verum
1174 4440 1239 4483 non
1261 4419 1300 4481 de
1323 4416 1465 4479 universa
1482 4403 1533 4490 phi·

239 4500 408 4609 Iosophia,
445 4508 548 4592 deque
576 4510 722 4572 omnibus
753 4513 891 4576 orrrnimu
922 4514 1191 4596 philosophorum
1215 4512 1359 4577 'decretis
1391 4520 1480 4593 agere
1501 4504 1533 4560 etl

235 4614 376 4673 ³¹¹¹m¹¹⁸3
393 4599 483 4663 nituit
498 4600 532 4663 id
553 4601 685 4686 longum
706 4626 766 4693 nec
789 4606 959 4692 benignum
973 4622 1055 4691 optts
1076 4611 1174 4674 foret.
1214 4612 1353 4672 'santerna
1371 4622 1439 4668 eum
1451 4598 1530 4661 rivtffl

234 4689 350 4753 ⁰¹¹l⁸l¹¹¹
373 4693 587 4771 ⁸²⁰¹³bi¹¹¹¹¹¹⁸s
611 4697 671 4782 qui,
690 4718 708 4760 a
730 4700 863 4793 Socrate
878 4702 909 4764 in
926 4704 1129 4768 Academiam
1152 4703 1312 4787 derivatus
1335 4696 1530 4763 variantque·

208 4980 217 4997 ,
306 4911 345 4986 (¹)
366 4915 505 4974 Plutarch,
525 4918 559 4973 de
579 4921 683 4976 oracul.
704 4921 824 4979 delectu.
863 4923 902 5002 (²)
921 4929 1086 4984 Accuratam
1107 4924 1300 5004 philosophiae
1320 4890 1472 4981 diuisionem
1482 4907 1527 4963 «1111

231 4979 305 5054 ῬΜ
319 4988 413 5043 31111·
427 4990 474 5045 ¹¹¹²
491 4998 536 5052 11·
548 5000 629 5075 salat·
646 5008 672 5055 1·
686 4999 780 5053 Laert-
794 5001 953 5060 retenone.
974 4988 1524 5089 rnrsreanannoaaspectante·
