3252 5490
287 320 317 375 ¹i

1 414 5 431 ’
76 511 79 517 Ι
193 419 259 485 us
431 417 495 481 oe
518 415 704 480 emmcs
726 388 966 482 eouoaou
987 416 1052 479 ur
1074 414 1321 505 arenosum
1427 445 1429 455 s

192 563 402 644 Torquatus,
428 559 469 629 ad
490 577 571 640 quos
594 554 653 620 ista
674 555 835 620 referam:
868 567 917 631 et,
943 578 1133 642 quamquam
1152 555 1270 641 aliquid
1285 556 1355 639 ipse
1369 570 1535 639 poteram,

189 667 296 719 tamen
320 651 464 716 invenire
487 654 571 716 malo
592 652 773 733 paratiores
795 651 1136 715 familiaresnostros.
1193 650 1323 727 Credo,
1349 653 1534 731 Syrone1n¹

191 748 289 824 ilicis,
317 760 350 811 et
364 747 621 819 Philodemum2,
647 749 765 829 quttm.³
788 750 929 828 optimos
945 746 1045 820 viros,
1070 757 1137 807 tum
1152 744 1355 809 doctissimos
1371 748 1535 811 homines.

192 842 315 919 Recte,
338 841 459 924 inquit,
483 839 648 924 intelligis.
692 842 767 924 Age
784 862 882 915 sane,
907 841 1048 922 inquam.
1093 840 1241 902 Sederat
1258 839 1408 923 aequius,
1436 842 1535 904 Tria·

78 968 87 985 s
189 937 272 999 rium
303 935 422 1018 aliquid
451 937 490 998 de
513 947 625 1000 nostra
648 934 842 998 dissensione
862 929 1013 999 iudicare.
1042 934 1224 1010 ,titini-0⁴,
1250 934 1353 1016 inquit
1372 935 1533 1012 arridens,

113 1077 139 1082 A·
191 1029 354 1113 inimum,
380 1032 440 1093 hac
462 1030 589 1114 qaudem
613 1032 651 1093 de
673 1050 728 1103 τες
761 1041 795 1092 tu
818 1028 899 1092 enim
922 1028 980 1091 ista
1003 1027 1122 1091 lenius:
1157 1029 1208 1091 hic
1231 1027 1416 1094 Stoicorum
1441 1053 1535 1094 more

133 1170 136 1174 a
190 1145 252 1186 nos
274 1135 387 1188 vexat.
441 1126 525 1186 Tum
548 1122 715 1217 triarius,
740 1123 883 1189 Posthac
905 1123 1051 1206 quidem,
1075 1123 1196 1206 inquit,
1228 1123 1391 1189 audacius.
1448 1127 1535 1186 Nam

144 1274 147 1279 ,
190 1219 273 1280 haec
294 1217 363 1301 ipsa
385 1217 463 1281 mihi
485 1217 632 1297 eninr-in
654 1229 825 1298 promptu,
850 1237 933 1300 quae
955 1219 1052 1287 modo
1076 1216 1202 1280 audivi:
1233 1239 1292 1281 nec
1315 1229 1387 1280 aute
1409 1239 1535 1303 aggre-

191 1312 281 1387 diar,
321 1333 415 1396 quam
438 1323 469 1375 te
492 1313 531 1374 ab
553 1310 658 1386 istis„
678 1331 760 1394 quos
787 1309 883 1385 dicis,
922 1309 1109 1375 instructum
1134 1311 1260 1374 videro.
1316 1312 1409 1392 Quae
1432 1335 1535 1396 quum

191 1416 300 1471 essent
320 1405 422 1481 dicta,
446 1405 544 1469 finem
563 1404 698 1468 fecimus
720 1414 752 1466 et
773 1403 970 1481 ambulandi,
995 1416 1026 1468 et
1048 1404 1242 1487 disputandi.

393 1924 399 1939 =
483 1907 551 1998 pu.
594 1905 824 1981 runnu
869 1903 1223 2017 creaioris

831 2062 889 2115 DE

229 2196 527 2311 tratetis
567 2203 932 2310 nouorum
974 2162 1080 2309 nr
1121 2202 1507 2311 unionum

492 2374 494 2383 ’
575 2409 1101 2493 »ΑυΜΒηυΤυΜ
1172 2462 1174 2471 .
1233 2496 1236 2500 s
1340 2446 1343 2450 ψ

671 2560 803 2681 ΗΒἘῘ(
834 2565 1042 2627 TERTIUS.

187 2887 223 2951 Ἰ.
249 2887 280 2950 i.
304 2833 533 2968 Voluptatem
556 2858 682 2969 quidem
692 2885 717 2959 ⁵,
743 2885 863 2959 Brute,
888 2883 914 2949 si
935 2882 1006 2966 ipsa
1027 2906 1090 2966 pro
1112 2905 1147 2947 se
1168 2882 1339 2968 loquatur,
1372 2907 1433 2950 uec
1461 2900 1527 2951 tam

190 2981 369 3064 pertinaces
391 2981 507 3055 habeat
529 2992 702 3062 patronos,
728 3000 951 3044 concessuram
974 2978 1147 3065 arbitror,
1160 2978 1340 3042 convictam
1356 2982 1526 3064 superiore

190 3075 295 3151 libro,
320 3073 477 3159 dignitati.
523 3073 651 3139 Etenim
668 3065 715 3139 ¹sit
732 3074 915 3156 impudens,
946 3072 973 3137 si
995 3073 1105 3137 virtuti
1128 3073 1244 3136 diutius
1267 3086 1526 3160 repugnem-aut

190 3170 219 3235 si
251 3168 395 3245 honestis
427 3168 565 3232 iucunda
602 3179 792 3252 anteponat,
826 3180 880 3231 aut
912 3166 1012 3251 pluris
1035 3189 1103 3229 esse
1126 3170 1297 3230 contendat
1325 3168 1524 3233 dulcedinem

190 3263 340 3348 corporis
370 3273 403 3327 et
429 3262 676 3341 titillationemfi,
711 3285 753 3328 ex
774 3284 851 3326 eave
874 3276 978 3352 natam
1000 3260 1174 3337 laetitiam,
1210 3284 1305 3348 quam
1329 3263 1523 3348 gravitatem

152 3390 154 3397 ⁴
190 3358 284 3422 animi
306 3368 401 3447 atque
423 3357 646 3423 constantiam.
703 3358 810 3439 Quare
833 3357 918 3421 illam
940 3358 1066 3444 quidem
1090 3358 1299 3434 dimittamus,
1336 3369 1366 3420 et
1397 3356 1463 3420 suis
1491 3379 1524 3420 se

189 3452 306 3515 finibus
333 3450 465 3514 tenere⁷
495 3450 678 3527 iubeamus,
713 3474 752 3515 ue
780 3449 939 3514 blanditiis
973 3451 1039 3514 citis
1073 3450 1297 3539 illecebrisque
1329 3452 1523 3536 impediatur

98 3548 100 3553 ’
188 3545 374 3628 disputandi
384 3544 553 3609 severitas.
567 3543 599 3607 2.
617 3543 1009 3637 ριιεενεῃᾱιιῳέῑηςῃίῐῃ)
1019 3544 1138 3629 sinisii
1137 3544 1218 3636 illud
1226 3547 1520 3627 summumbonum
1625 3545 1626 3548 ’

189 3640 280 3724 quod
296 3638 440 3722 reperire
455 3626 624 3717 volumus,
642 3628 840 3725 quoniamst
861 3639 1013 3722 voluptas.
1026 3640 1071 3703 ab‘
1081 3661 1121 3705 eo
1136 3652 1259 3705 remota
1274 3654 1340 3718 est,
1365 3652 1398 3704 et
1414 3642 1522 3704 eadem
1551 3688 1554 3697 .

187 3732 260 3797 iere
275 3743 387 3815 contra
401 3754 457 3796 eos
472 3732 535 3797 dici
549 3746 696 3816 possunt,
714 3732 769 3821 qui
792 3735 982 3805 vacuitatem
1005 3733 1126 3798 doloris
1142 3734 1235 3798 finem
1254 3735 1438 3799 honorum⁸
1454 3754 1521 3798 esse

3 3812 6 3819 Α
114 3825 1521 3913 v.voluerunt'3necveroullumprobeturutsummumbonum,qttodvirtuteeareat⁹t
1624 3891 1625 3896 ,

1178 3907 1516 3925 Μ

1420 3954 1529 3974 ...u-

265 4024 303 4099 (1)
323 4052 359 4068 -ι
378 4023 506 4081 Sironem
525 4023 595 4079 cdi.
613 4024 716 4098 pleriq.
734 4025 766 4078 V.
815 4026 852 4092 (2)
872 4024 918 4077 Sic
937 4023 988 4078 Cd.
1010 4024 1071 4078 Mo.
1092 4023 1191 4096 Margo
1211 4023 1257 4077 Cr.
1279 3986 1361 4076 Grut.
1383 4021 1467 4094 Seqq.
1487 4050 1524 4068 -··

187 4098 384 4167 Philodamum
403 4102 435 4155 L.
447 4127 493 4156 ‚·-
511 4100 694 4173 Polydemum
712 4103 831 4155 Priores.
871 4096 908 4173 (³)
928 4100 976 4153 Sic
996 4102 1025 4153 P.
1048 4098 1088 4152 Μ.
1109 4099 1140 4150 L'.
1162 4100 1195 4153 D.
1217 4106 1242 4155 1.
1256 4097 1302 4151 Br.
1322 4118 1360 4151 =
1379 4107 1440 4149 tum
1455 4095 1522 4153 Cdd.

77 4192 79 4199 ’
188 4175 254 4249 aliq.
280 4177 328 4231 Cr.
354 4176 387 4230 V.
415 4177 451 4231 G.
478 4181 506 4231 2.
557 4175 597 4251 (t)
622 4194 636 4228 e
662 4180 787 4248 vestigiis
812 4173 882 4229 Cdd.
906 4174 981 4250 (iuro
1001 4174 1043 4227 vel
1062 4178 1135 4240 iure)
1155 4173 1191 4228 G.
1213 4178 1369 4226 certissima
1388 4172 1419 4229 Ε.
1439 4179 1467 4228 2.
1487 4201 1524 4216 -

187 4252 277 4323 Immo
297 4253 398 4307 Ceteri.
425 4251 463 4319 (⁵)
482 4281 520 4295 --
538 4251 662 4322 equidem
682 4252 722 4306 M.
745 4251 827 4309 Grut.
848 4251 900 4304 soli
921 4252 1043 4304 exmeia.
1082 4246 1234 4321 (⁶)eC2d.
1248 4267 1262 4300 e
1276 4247 1307 4305 G.
1321 4248 1419 4322 procul
1438 4247 1523 4301 dubio

189 4327 346 4382 emendatis
371 4326 407 4382 D.
434 4327 470 4382 G.
497 4332 523 4381 2.
549 4356 584 4370 -
610 4335 638 4379 et
663 4327 826 4379 titillantem
852 4324 922 4381 Cdd.
944 4324 1008 4396 aliq.
1028 4328 1059 4385 P.
1078 4327 1112 4376 V.
1131 4324 1352 4376 -titillantem
1371 4323 1421 4378 Cd.
1442 4326 1523 4378 tttvti.

188 4405 233 4459 M.
257 4404 291 4458 L.
318 4411 344 4462 1.
368 4406 415 4457 Br.
442 4432 481 4446 -
507 4410 535 4454 et
561 4402 712 4465 utilitatem
738 4403 784 4456 Cr.
810 4416 848 4455 oo
870 4418 926 4455 om.
947 4402 1015 4454 haee
1034 4419 1060 4455 v.
1079 4408 1108 4452 et
1127 4400 1317 4453 titillationem
1336 4403 1437 4473 optimi
1459 4401 1523 4473 aliq.

188 4477 260 4533 Cdd.
304 4480 364 4532 Μο.
382 4479 464 4552 Spir.
489 4478 561 4545 Erl.)
609 4472 648 4552 (⁷)
677 4507 713 4521 -·
738 4478 835 4530 cedere
861 4475 930 4533 Cdd.
956 4476 1020 4549 aliq.
1047 4477 1089 4529 Iu.
1109 4504 1148 4518 -
1162 4470 1348 4547 petereGdd.
1368 4476 1435 4547 aliq.
1456 4480 1524 4547 mire
1577 4538 1580 4541 Ι

169 4543 269 4627 prob.
306 4554 458 4609 ‚Gronon
507 4552 545 4620 (Β)
570 4570 761 4605 -summum
780 4553 882 4611 honrem
900 4556 946 4608 Br.
967 4556 1061 4607 tacite.
1110 4550 1147 4619 (⁹)
1168 4551 1243 4604 Haec
1263 4552 1333 4605 mihi
1352 4551 1465 4623 quidem
1485 4551 1524 4602 ri-

187 4627 290 4684 dentur
330 4634 469 4684 artissime
507 4622 646 4702 iungenda
680 4645 744 4682 curn
776 4634 911 4702 proposit.
945 4633 1093 4701 praecipua
1128 4627 1323 4697 Quaerendum
1353 4635 1398 4682 est
1436 4631 1523 4691 euim,

188 4704 481 4779 uansponendumque
506 4704 593 4757 ullium
617 4714 649 4757 ut
669 4705 815 4775 probetur.
849 4704 913 4769 Sic,
934 4719 965 4758 ut
990 4702 1085 4768 edidi,
1111 4701 1179 4756 Cdd.
1201 4703 1274 4775 Spir.
1298 4703 1356 4756 Eri.
1382 4703 1420 4757 G.
1448 4704 1523 4770 (Mea

145 4820 151 4835 .
186 4786 219 4834 in
241 4770 356 4835 ratim
382 4786 426 4833 ita
452 4797 560 4854 quoqne
585 4784 701 4859 retineri
727 4796 820 4852 potest
839 4795 854 4831 n
873 4781 1012 4855 plerisque
1031 4777 1101 4833 Cdd.
1120 4778 1291 4847 firmatum.)
1313 4778 1397 4850 Sequi
1417 4777 1522 4832 volebat

187 4856 256 4911 Sela.
278 4862 306 4912 2.
325 4854 379 4910 Sed
399 4862 506 4910 omittit
526 4864 640 4910 utente
660 4876 686 4912 r.
705 4873 850 4910 crimmum.
870 4858 998 4910 Proxime
1018 4853 1127 4909 accedit
1146 4854 1240 4910 Cranr
1260 4885 1297 4900 -·
1316 4873 1366 4907 nec
1391 4870 1462 4908 vero
1482 4859 1523 4904 itu

187 4934 275 4984 uittam
290 4931 426 5003 probetur
443 4940 475 4984 ut
493 4950 629 4984 sumnucm
648 4932 749 4985 honrem
767 4932 843 5003 qrtod
860 4931 930 5005 (non
949 4936 1016 5004 qtae,
1045 4946 1077 4984 nt
1102 4937 1142 4986 ait
1168 4931 1220 5003 G.)
1238 4936 1307 4984 virt.
1327 4948 1389 4984 car.
1401 4956 1447 4973 1·-
1466 4930 1521 4983 Nec

70 5056 73 5065 .
186 5024 258 5060 vero
277 5013 319 5058 ita
336 5008 423 5060 udum
438 5007 575 5080 probetur
593 5026 730 5061 crimmum
747 5008 865 5078 bouum,
885 5016 916 5060 ut
933 5025 1008 5065 vso.
1027 5006 1147 5060 Ceteri*
