3252 5490
85 370 129 469 Χ
199 410 263 483 sm
299 424 311 440 ··
431 398 705 481 rummiens
729 410 970 479 nouorum
989 410 1052 481 ar
1075 370 1321 489 eunomius

171 588 174 599 =
197 554 324 625 testium
332 488 359 620 i.
383 550 472 633 Quid
487 551 593 617 enim?
614 552 782 635 teipsum,
807 552 1024 638 dignissimum
1038 548 1213 617 maioribus
1232 550 1315 628 tuis,
1341 524 1531 636 voluptasne

93 680 100 697 ·
198 647 341 723 instruit,
365 659 400 711 ut
413 647 668 711 adolescentulus
684 647 825 729 eriperes
838 649 880 713 P.
897 648 1006 712 Sullae
1022 644 1243 711 consulatum?
1266 667 1362 731 quem
1379 671 1478 732 qurum
1495 653 1534 713 ad

178 752 323 829 ‘patrem
341 752 429 804 tirum
446 739 628 816 retulisses,
667 741 875 807 fortissimum
894 741 1018 817 virum,
1054 743 1156 827 qualis
1175 743 1227 805 ille
1247 743 1301 806 vel
1322 743 1458 819 consul,
1483 746 1534 806 vel

199 837 279 900 civis
295 857 392 920 quum
412 857 556 918 semper,
579 848 646 899 tum
665 848 740 917 post
760 839 959 901 consulatum
978 835 1064 901 luit?
1088 857 1152 919 quo
1176 836 1303 929 quidem
1324 849 1460 901 auctore
1478 859 1535 902 nos

198 930 321 1014 ipsios
344 930 516 1015 gessimus,
539 941 574 993 ut
596 933 742 999 omnibus
765 931 894 1013 potius,
918 951 1010 1017 quam
1033 930 1111 1013 ipsis
1133 932 1226 995 nobis
1247 931 1533 996 consuluerimus.².

199 1027 255 1088 63.
285 1027 332 1091 At
351 1045 454 1109 quam
476 1025 611 1107 pulchre
635 1024 740 1089 dicere
766 1026 941 1102 videbare,
977 1045 1073 1109 quum
1095 1045 1136 1087 ex
1159 1026 1259 1089 altera
1278 1037 1370 1109 parte
1393 1030 1535 1109 ponebas

199 1112 394 1185 cumulatum
423 1120 556 1203 aliquem
585 1118 729 1200 plurimis
752 1131 784 1182 et
805 1119 951 1183 maximis
972 1119 1211 1202 voluptatibus,
1245 1121 1336 1184 nullo
1358 1142 1419 1184 nec
1440 1143 1536 1203 prae·
1594 1202 1599 1217 ,

200 1213 300 1289 senti,
335 1234 394 1277 nec
414 1213 526 1277 futuro
549 1214 683 1278 dolore:
707 1236 749 1281 ex
771 1215 1017 1291 alternantem,
1052 1215 1246 1280 cruciatibus
1269 1215 1434 1293 maairnis,
1468 1229 1536 1282 toto

152 1366 155 1369 ,
199 1314 363 1392 corpore,
386 1309 472 1373 nulla
495 1328 555 1373 nec
576 1308 741 1386 adiuncta,
768 1329 829 1373 nec
842 1321 973 1390 sperata
995 1309 1181 1392 voluptate:
1205 1321 1237 1375 et
1252 1312 1445 1396 quaerebas,
1471 1311 1537 1395 quis

38 1423 45 1435 ⁸
80 1421 93 1425 ··
201 1415 257 1466 aut
277 1405 341 1466 hoc
362 1402 529 1478 miserior,
554 1414 608 1466 aut
629 1399 797 1485 superiore
819 1402 879 1467 illo
901 1403 1026 1469 beatior
1043 1403 1157 1468 soret?
1178 1404 1290 1469 deinde
1306 1406 1536 1484 concludebas,

200 1517 356 1565 sttmmum
374 1498 488 1565 malum
510 1517 580 1563 esse
603 1498 766 1571 dolorem,
790 1490 945 1560 summum
967 1499 1087 1565 bonum
1109 1499 1327 1581 voluptatem!

248 1608 251 1613 '
286 1593 368 1660 XX.
381 1593 436 1667 L.
459 1591 603 1656 Thorius
620 1592 739 1659 Balbus
758 1590 838 1667 fuit,
862 1592 1069 1668 Lanuuinum
1092 1614 1186 1675 quem
1200 1594 1378 1659 meminisse
1394 1595 1453 1658 tu³
1472 1614 1536 1657 non

168 1716 173 1719 ⁷
200 1698 307 1773 potes.
352 1686 385 1751 Is
410 1686 453 1750 ita
478 1686 626 1763 vivebat,
661 1698 696 1749 ut
713 1687 799 1751 nulla
815 1698 879 1750 tam
896 1687 1056 1772 exquisita
1074 1700 1187 1769 posset
1205 1687 1343 1755 inveniri
1361 1688 1535 1770 voluptas,

137 1848 140 1867 .
201 1805 265 1870 qua
285 1803 350 1849 non
374 1783 564 1850 abundaret.
620 1782 701 1844 Erat
723 1792 756 1844 et
780 1780 912 1864 cupidus
933 1783 1168 1864 voluptatum,'
1189 1794 1222 1850 et
1243 1781 1385 1859 cuiusvis
1410 1784 1538 1867 generis

86 1916 88 1921 ,
203 1877 291 1941 eius‘t
311 1875 493 1959 intelligens
515 1885 547 1938 et
569 1875 744 1957 copiosus:
774 1874 820 1938 ita
841 1897 906 1938 noo
928 1875 1189 1958 superstitiosus,
1212 1888 1248 1939 ut
1268 1875 1322 1939 illa
1344 1876 1486 1958 plruima
1501 1875 1538 1939 'in

184 1992 267 2041 ,sua
282 1969 387 2053 patria
410 1970 464 2034 et⁵
487 1969 663 2046 sacrificia,
689 1980 721 2032 et
741 1968 815 2032 fana
838 1981 1076 2035 contemneret:
1099 1969 1142 2034 ita
1164 1991 1229 2035 nou
1252 1970 1381 2033 timidus
1397 1972 1439 2034 ad
1453 1988 1540 2033 mor·

104 2086 108 2093 “
203 2076 286 2140 tem,
318 2062 406 2151 utin
429 2063 497 2126 acie
518 2063 559 2128 sit
580 2066 625 2129 ob
646 2083 713 2127 rem
735 2061 894 2146 publicam
916 2062 1114 2131 interfectus.
1169 2065 1224 2127 bl.
1248 2061 1455 2147 Cupiditates
1475 2082 1541 2126 non

170 2158 173 2167 '
202 2157 340 2242 Epicuri
360 2156 517 2237 dirimens
538 2158 686 2234 finiebat,
710 2161 768 2222 sed
789 2180 846 2221 sua
868 2158 1025 2227 satietate.
1083 2158 1234 2223 Habebat
1254 2169 1359 2225 maren
1377 2156 1541 2225 rationem

205 2252 416 2320 ualetudinis:
449 2255 598 2320 tuebatur
620 2250 693 2317 bis⁸
714 2252 1015 2327 exercitationibus,
1047 2262 1084 2315 ut
1105 2253 1145 2315 ad
1165 2263 1355 2343 coenasset
1374 2251 1539 2323 esuriem,

205 2361 237 2413 et
253 2348 359 2412 sitiens
379 2346 522 2412 venirets
546 2368 587 2412 eo
610 2349 707 2425 cibo,
733 2347 788 2433 qui
808 2357 843 2410 et
864 2347 1070 2411 suavissimus
1091 2338 1194 2423 esset,
1218 2357 1250 2410 et
1271 2346 1355 2411 idem
1366 2343 1542 2409 facillimus

206 2446 247 2504 ad
269 2445 553 2527 concoquendum
588 2441 686 2518 vino,
718 2441 772 2505 et7
794 2443 834 2505 ad
855 2439 1072 2523 voluptatem,
1107 2450 1140 2503 st
1161 2460 1200 2505 ne
1223 2448 1367 2504 noceret.
1420 2436 1543 2503 Cetera

205 2536 468 2619 illa,adbibebat,
506 2536 621 2621 quibus
644 2535 780 2619 demptis
801 2546 899 2621 negat
921 2554 954 2598 se
977 2535 1139 2617 Epicurus
1161 2532 1363 2617 intelligere,
1402 2530 1480 2617 quid
1500 2529 1543 2593 sit

208 2633 342 2698 bonrum.
386 2631 512 2695 Aberat
532 2631 637 2695 omnis
660 2630 774 2696 dolore
805 2629 861 2713 qui
882 2628 911 2693 si
931 2631 1077 2704 adesset,
1099 2627 1178 2692 nec³
1200 2627 1337 2692 molliter
1358 2625 1482 2698 ferret3
1513 2633 1545 2687 et

206 2726 312 2790 tanen
335 2723 463 2789 medicis
483 2725 575 2807 plus,
599 2747 701 2815 quam
723 2721 929 2809 philosophis
951 2734 1108 2787 uteretur.
1165 2720 1273 2788 Color
1295 2719 1467 2806 egregius,
1491 2717 1543 2781 in-

206 2830 301 2905 tegra
323 2816 487 2894 vausune}
510 2840 632 2889 summa
647 2819 768 2904 gratim
793 2817 859 2881 rita
873 2817 1008 2903 denique
1020 2816 1381 2899 confertamoluptatum
1396 2812 1544 2879 omnium

145 2970 150 2977 .
206 2912 373 2982 rarteute.
426 2913 482 2981 55.
520 2914 616 2977 Hunc
646 2934 705 2979 vos
734 2915 880 2987 beatum3
910 2912 994 2979 ratio
1017 2910 1142 2995 quidem
1165 2921 1274 2973 vestra
1295 2909 1342 2971 sic
1358 2908 1475 2992 cogit:
1500 2939 1544 2954 -

206 3007 294 3093 ego⁹
326 3006 400 3071 buis
430 3028 524 3092 quem
555 3019 764 3090 anteponam,
803 3027 868 3075 non
890 3008 992 3073 audeo
1015 3005 1140 3070 dicere:
1175 3003 1293 3069 dicet¹⁰
1314 3023 1377 3086 pro
1400 3000 1544 3084 meipsa

207 3101 330 3177 virtum
354 3121 414 3170 nse
435 3101 591 3171 dubitabit
611 3102 665 3167 isti
687 3114 796 3171 vestro
820 3103 916 3167 beato
940 3100 992 3165 M.
1017 3099 1176 3183 Regulum
1200 3098 1409 3179 anteponere.
1434 3097 1544 3176 Quem

206 3195 353 3280 quidem,
377 3216 474 3279 quum
496 3217 554 3259 sua
575 3197 758 3272 uoluntate,
790 3195 876 3261 nulla
899 3195 931 3259 ri
955 3205 1085 3259 coactus
1114 3196 1280 3275 praeter¹¹
1300 3194 1419 3268 fidem,
1444 3210 1543 3275 quam

207 3292 341 3359 dederat
362 3289 467 3366 hosti,
498 3312 540 3356 ea
560 3291 663 3372 patria
687 3289 919 3374 Karthaginem
939 3287 1145 3362 revertisset,
1174 3288 1274 3351 tum¹²
1294 3286 1417 3371 ipsum,
1443 3304 1544 3367 quum

206 3384 326 3468 uigiliis
346 3394 380 3446 et
401 3382 486 3448 lame
507 3382 724 3460 sruaiaretur,
760 3384 873 3446 clamat
894 3381 998 3445 virtus
1020 3381 1194 3445 beatiorem
1216 3380 1334 3456 fuisse,
1363 3400 1458 3462 quam
1480 3394 1544 3459 po·

207 3488 326 3540 tantem
348 3476 378 3539 ia
401 3498 476 3543 rosa
499 3477 669 3549 Thorium,
729 3476 820 3541 Bella
841 3496 956 3565 magna
978 3489 1139 3560 gesseram
1172 3474 1257 3541 his¹³
1281 3474 1394 3539 consul
1416 3471 1543 3549 iuerat3

108 3563 118 3575 ”
147 3640 151 3649 ,
206 3571 439 3653 triumpharats
471 3592 532 3636 aec
552 3583 655 3641 taenea
678 3592 735 3635 sua
757 3570 926 3653 superiora
954 3569 1043 3637 illa¹4
1071 3582 1133 3633 tam
1157 3590 1289 3654 magua,
1313 3568 1452 3652 neque¹⁵
1475 3577 1542 3627 tam

207 3669 373 3749 praeclara
406 3667 559 3742 ducebat.
591 3687 688 3749 quam
718 3664 806 3732 illum
819 3664 977 3738 ,ultimum
1010 3686 1136 3740 rasum,
1172 3683 1265 3748 quem
1287 3674 1425 3745 propter
1448 3658 1543 3723 fidem
1623 3746 1624 3749 Ἴ

208 3761 483 3845 constantiamque
505 3771 711 3842 susceperat:
750 3759 805 3844 qui
826 3759 918 3823 uobis
948 3758 1135 3823 miserabilis
1167 3757 1295 3820 videtur
1318 3754 1539 3840 audientibus,
1622 3764 1624 3833 ᾗ

207 3853 253 3920 illi
274 3854 465 3936 perpetienti
474 3853 501 3903 ‘¹⁶
521 3866 597 3925 erat
613 3854 811 3936 voluptarius
820 3853 860 3919 ²⁷.
912 3854 988 3919 Non
1012 3844 1274 3919 enim'bilaritate
1297 3849 1363 3913 et¹⁸
1385 3847 1538 3924 lascivia,

209 3968 1540 4007 π-τ-εά-ι--τ--ῇν-μ--ν--ν-μ-α-Μ
1623 4004 1624 4015 ¹

277 4016 323 4090 (1)
340 4036 357 4081 e
377 4015 446 4073 edd.
465 4016 565 4092 (etiam
591 4018 665 4084 Mo.)
691 4016 773 4079 Grut.
795 4015 875 4086 Seqq.
895 4037 933 4073 2·
949 4034 973 4077 a.
995 4021 1107 4068 testium
1125 4022 1169 4066 est
1187 4013 1285 4066 datram
1304 4015 1336 4072 L.
1357 4045 1394 4059 -
1412 4032 1435 4067 s.
1456 4020 1478 4065 t.
1498 4017 1541 4061 est

204 4093 314 4158 dictum
341 4091 412 4148 Edd.
429 4110 503 4157 *ante
522 4094 553 4155 L.
604 4093 644 4165 (1)
667 4119 707 4145 -n
734 4092 942 4154 consuleremus.
966 4089 1035 4155 cdd.
1065 4090 1130 4160 aliq.
1157 4090 1205 4164 (-
1231 4093 1286 4161 ipsi
1304 4093 1384 4145 nobis
1399 4091 1432 4143 L.
1454 4092 1539 4160 susp.)

207 4167 249 4243 (³)
267 4174 305 4226 5:
323 4177 354 4221 tn
373 4187 453 4233 mem.
474 4173 504 4235 L,
542 4169 580 4239 (1)
599 4188 637 4222 =
655 4172 714 4229 eius
732 4185 798 4235 gen·
817 4167 850 4225 V.
890 4165 927 4233 (⁵)
948 4165 994 4223 in
1014 4166 1135 4220 Marsus.
1156 4165 1192 4221 G.
1214 4171 1240 4220 2.
1260 4193 1298 4208 -
1317 4187 1374 4222 om.
1394 4173 1423 4216 st
1436 4164 1538 4216 Ceteri.

205 4243 245 4313 (ὃ)
263 4261 303 4297 so
320 4249 357 4297 tis
376 4244 418 4297 M.
438 4245 470 4298 L.
490 4245 525 4302 D.
547 4245 638 4310 LBr.
675 4241 713 4316 (⁷)
732 4271 770 4294 π
789 4256 846 4295 om.
866 4249 895 4301 et
914 4242 947 4301 V.
974 4241 1013 4309 (⁸)
1034 4260 1073 4296 z:
1091 4260 1141 4294 nec
1160 4239 1214 4295 del.
1235 4255 1330 4298 censet
1349 4245 1396 4299 Br.
1434 4238 1472 4306 (⁹)
1493 4238 1539 4292 Sic
1621 4288 1624 4307 ,

206 4319 318 4377 uolebat
336 4317 374 4385 G,
401 4316 475 4378 Item
495 4321 531 4376 1).
550 4319 620 4383 Lall,
641 4322 687 4380 ur.
709 4317 774 4377 sch.
794 4324 832 4383 2„
850 4321 905 4369 nisi
923 4315 1000 4388 quod
1019 4316 1064 4373 hi:
1088 4332 1127 4370 sto
1151 4322 1240 4385 cogit.
1258 4316 1301 4368 Ae
1318 4338 1374 4389 ego
1394 4315 1429 4371 de
1448 4313 1538 4368 flend.

206 4415 281 4470 susp.
307 4402 374 4464 (mos
398 4412 432 4448 ex
457 4409 528 4469 optt.
547 4411 590 4449 est
611 4391 694 4466 Cdd.)
713 4421 751 4447 π-
770 4392 855 4447 Hunc
875 4409 945 4445 vero
971 4392 1081 4461 beatiam
1101 4396 1196 4444 oratio
1212 4410 1241 4450 v.
1261 4397 1302 4445 sic
1319 4398 1440 4464 cogitat.
1475 4389 1537 4461 Ego

205 4472 276 4539 Edd.
297 4488 361 4526 ante
380 4471 415 4528 D.
435 4499 474 4525 -„-.·
493 4470 575 4534 Hpuc
593 4486 662 4531 vero
680 4468 791 4529 beatum
809 4472 887 4525 ratio
907 4467 1016 4538 quidem
1037 4477 1136 4519 vestra
1154 4472 1195 4518 sic
1216 4473 1304 4535 cogit.
1342 4469 1407 4538 Ego
1425 4466 1492 4519 Ern.
1512 4472 1539 4521 l.

206 4548 243 4605 G.
269 4549 330 4615 (hle
354 4551 482 4614 inuitus.)
531 4543 584 4618 (¹¹⁰)
609 4573 647 4599 ·=
671 4542 740 4605 dicit
759 4541 842 4606 Grut,
862 4541 948 4619 solus.
970 4561 1023 4597 err.
1050 4558 1159 4617 typogr.
1210 4540 1260 4615 (¹¹)
1279 4572 1319 4588 -
1332 4551 1452 4617 propter
1471 4536 1537 4598 tud.

206 4626 325 4688 Davisii,
353 4623 385 4686 P,
412 4622 455 4689 M.
476 4621 512 4684 D.
533 4630 559 4683 t.
578 4621 624 4674 Bc.
645 4627 715 4682 (non
734 4620 767 4682 ll,
788 4619 833 4684 L.)
870 4616 921 4691 (¹2)
941 4646 978 4667 a„
996 4636 1057 4689 enm
1076 4638 1091 4672 e
1112 4616 1182 4677 cad.
1204 4617 1269 4689 aliq.
1290 4622 1324 4679 D.
1363 4619 1415 4695 (1³)
1435 4635 1450 4670 e
1471 4612 1537 4669 cdd.

207 4699 290 4764 Grae,
312 4699 394 4770 Ssqq.
415 4725 453 4752 -ε-
472 4714 548 4765 gesa.
566 4693 610 4752 leis
628 4695 671 4747 bis
691 4697 722 4758 P,
742 4722 780 4748 -ι-
798 4709 873 4777 pers,
894 4698 936 4756 is,-
956 4696 998 4751 bis
1017 4694 1050 4747 V.
1067 4695 1112 4748 M.
1132 4699 1184 4757 (-
1202 4694 1274 4746 bella
1292 4702 1319 4747 is
1337 4715 1375 4750 m.
1394 4713 1427 4763 5.
1446 4694 1479 4748 L.
1496 4688 1537 4756 F.)

206 4774 257 4855 (11)
276 4774 326 4830 Sic
345 4771 414 4840 cdd,
435 4771 500 4842 aliq,
521 4773 552 4830 P.
571 4774 619 4830 Cr.
636 4773 669 4825 V.
689 4769 725 4835 D.
746 4793 782 4827 =
800 4786 852 4823 sua
870 4769 922 4829 ills
939 4787 1002 4851 arcp.
1022 4769 1064 4823 Μ.
1085 4770 1114 4822 L.
1138 4779 1162 4826 1.
1183 4771 1229 4825 Bt.
1242 4796 1281 4827 -·,
1293 4788 1349 4827 em.
1369 4788 1422 4822 sua
1441 4769 1536 4821 absor-

117 4848 125 4898 ,’
206 4867 285 4923 ptum
303 4865 319 4900 a
340 4867 381 4920 pr.
402 4846 507 4921 syllaba
522 4851 604 4905 ⁴‚rosus
623 4863 681 4916 seq.
702 4843 771 4904 Ctld.
791 4845 857 4916 aliq.
878 4845 913 4898 G.
927 4852 953 4905 2.
982 4843 1034 4919 (¹⁵)
1053 4864 1091 4897 =
1109 4843 1415 4900 monimntum.
1439 4843 1536 4919 (¹⁶):

203 4932 312 4997 perpet.
332 4923 375 4987 illi
394 4924 426 4985 L,
474 4920 524 4996 (17)
551 4938 614 4973 eum
643 4919 713 4987 Cdd,
741 4922 782 4987 M,
803 4920 842 4985 D,
857 4920 941 4993 Ssqq.
960 4952 996 4970 «μ.
1013 4921 1192 4977 volurttarius
1211 4923 1242 4975 Ρ.
1264 4922 1310 4983 Cr.
1330 4924 1363 4976 V.
1384 4924 1416 4975 L.
1453 4916 1534 4998 (¹⁸),t

188 4997 278 5064 ”cdd
299 5000 335 5064 G.
357 5003 383 5063 2.
402 5013 440 5064 as
458 5015 507 5062 nea
527 4999 648 5062 Priores.-
922 4995 925 5000 ’
