3288 5490
643 170 657 218 s
1189 156 1217 203 *n

112 446 114 455 ι
189 414 251 489 ,rs
458 478 465 497 s
522 396 950 480 'ncnneuicouuu
974 412 1197 479 rmouuu

160 589 164 619 t
211 569 313 633 esset}
335 558 441 623 haheo
465 556 734 644 enimregulam,
758 568 794 620 ut
815 554 890 619 talis
906 553 976 618 visa
990 575 1068 618 vers
1083 553 1240 632 iudicem,
1265 556 1370 640 qualia
1384 558 1546 625 fslssesss
1600 552 1603 561 ¹

157 694 159 699 -
211 674 276 717 nou
300 651 467 734 possint¹:
493 654 532 716 ab
559 654 725 739 haemihi
747 673 812 718 nou
837 651 914 715 licet
935 662 1174 726 transversum,
1214 663 1249 715 ut
1271 651 1376 727 aiitnt,
1414 653 1546 739 digitum
1585 648 1587 652 ⁸

149 746 159 765 ‘'
210 747 395 823 discedere,
419 769 459 809 ne
481 747 675 811 confundam
698 748 814 812 omnia.
864 745 948 810 Veri
971 745 1053 809 eninr
1076 757 1109 810 et
1129 745 1205 810 salsi
1227 768 1297 811 non.
1313 751 1411 813 modo
1434 751 1546 833 cogni·

209 843 277 917 tio,
315 838 644 929 sed‘eriam2,natura
666 844 814 915 tolletur,
850 839 877 904 si
899 839 978 903 nihil
1000 841 1080 916 erit,
1105 845 1195 924 quod
1214 840 1358 907 intersit:
1397 854 1433 907 ut
1455 843 1546 913 etiam

209 937 289 1000 illud
311 938 482 1001 absurdum
503 936 562 1013 sit,
587 940 675 1022 quod
696 937 856 1000 interdum
878 933 989 999 soletis
1009 934 1137 1010 dicere,
1162 957 1260 1019 quum
1283 934 1351 998 visa
1367 936 1400 998 in
1415 937 1546 1005 animis³

210 1031 451 1114 imprimantur,
485 1053 551 1095 non
574 1031 654 1096 vesi
674 1031 707 1094 id
729 1031 856 1103 dicere,
893 1031 978 1093 inter
998 1028 1084 1110 ipsas
1108 1028 1333 1111 impressiones
1355 1029 1433 1092 nihil
1449 1032 1547 1095 inter·

211 1148 302 1198 esse,
339 1128 396 1189 sed
425 1126 508 1189 inter
538 1125 660 1208 species
683 1137 714 1188 et
737 1127 890 1208 quoidam
911 1124 1054 1186 sormas⁵
1076 1144 1201 1186 eorsum.
1254 1122 1354 1203 Quasi
1378 1144 1460 1188 vero
1484 1145 1545 1188 non

212 1222 318 1304 specie
340 1221 410 1283 visa
430 1219 629 1284 iudicentur!
656 1241 737 1302 quae
752 1220 846 1281 fidem
864 1217 978 1280 nullam
996 1218 1174 1291 habebunt,
1199 1217 1324 1280 sublata
1341 1217 1410 1280 veri
1425 1230 1459 1281 et
1473 1218 1545 1282 salsi

208 1327 298 1379 nota.
343 1316 397 1378 ⁶9.
421 1314 505 1379 Illud
529 1335 607 1377 vero
631 1315 883 1396 perabsurdum,
908 1313 996 1396 quod
1009 1310 1139 1386 dicitis,
1164 1311 1345 1392 probabilia
1361 1333 1422 1377 vos
1437 1312 1543 1397 sequi,

206 1410 232 1473 si
253 1430 292 1472 re
313 1409 399 1471 nulla
420 1407 665 1490 impediamini.
725 1407 869 1471 Prirutun
906 1406 961 1490 qui
991 1405 1128 1486 potestis
1151 1427 1215 1469 nou
1238 1405 1409 1487 impediri,
1445 1429 1544 1490 quum

189 1510 226 1566 ‘s
249 1503 339 1567 veris
356 1502 434 1565 falsa
458 1523 523 1566 non
544 1501 684 1565 distent?
705 1500 817 1564 deinde
840 1503 929 1585 quod
944 1498 1092 1563 iudicium
1107 1511 1155 1561 est
1171 1499 1257 1573 veri,
1283 1522 1381 1585 quum
1397 1501 1438 1564 sit
1455 1522 1544 1564 cotn-

207 1618 300 1660 mune
322 1592 418 1659 falsi?
453 1598 507 1659 Ex
537 1598 586 1658 his
615 1596 670 1659 illa
699 1595 880 1658 necessario
910 1606 983 1657 nata
1005 1604 1054 1656 est
1076 1588 1194 1680 ἐποχή,
1230 1595 1262 1657 id
1284 1607 1331 1657 est
1352 1595 1545 1673 assensionis

206 1680 384 1765 retenti073
406 1690 522 1775 inqua
545 1691 658 1754 melius
681 1688 743 1754 sihi
765 1688 907 1753 constitit
929 1687 1110 1763 Arcesilas,
1135 1687 1162 1750 si
1186 1709 1261 1751 vera
1284 1701 1374 1764 sunt,
1400 1711 1492 1774 quae.
1507 1693 1544 1754 ‹le
1569 1686 1572 1699 '

207 1783 373 1849 Carneade
388 1785 539 1848 nonnulli
562 1774 754 1848 existiment.
794 1784 828 1847 Si
850 1782 932 1846 enim
953 1782 1077 1864 percipi
1100 1781 1176 1845 nihil
1197 1794 1326 1864 potest,
1351 1787 1440 1867 quod
1466 1784 1545 1847 utri·

207 1900 269 1964 que
292 1877 394 1941 visum
417 1888 484 1953 est,
509 1878 668 1942 tollendus
691 1899 836 1943 assensus
858 1889 921 1940 est.
967 1877 1053 1958 Quid
1074 1878 1156 1940 enim
1176 1889 1224 1940 est
1239 1889 1302 1940 tam
1316 1877 1420 1954 sutile,
1445 1900 1544 1962 quam

206 1972 375 2055 quidquam
406 1975 590 2052 approbare
620 1994 684 2053 non
711 1969 1125 2056 cognitumiCerneadem
1149 1984 1252 2041 autem
1275 1973 1368 2036 etiam
1390 1972 1463 2037 heri
1483 1995 1545 2039 au·
1590 1962 1591 1969 ἵ

205 2066 388 2141 diebamus,
412 2066 540 2131 solitum
562 2088 631 2130 esse
654 2068 719 2130 *eo
742 2068 864 2129 delabi3
886 2067 1067 2143 interdum,
1091 2079 1126 2128 ut
1149 2067 1286 2143 diceret,
1312 2067 1537 2149 opinetur-um,

208 2161 241 2223 id
263 2172 328 2234 est,
352 2173 558 2242 peccaturum
581 2183 651 2226 esse
673 2162 859 2243 sapientem.
918 2161 1005 2226 Mihi
1027 2152 1129 2242 porro
1153 2184 1215 2227 non
1238 2175 1302 2225 tam
1325 2167 1447 2224 certum
1474 2173 1540 2235 est,

205 2274 275 2317 esse
306 2254 445 2339 aliquid,
479 2260 567 2341 quod
596 2258 823 2339 comprehendi
850 2255 971 2341 possit,
1010 2258 1061 2336 (de
1091 2277 1157 2340 quo
1187 2256 1249 2320 iam
1273 2254 1400 2318 nimimn
1423 2254 1543 2319 ctiam⁹

204 2349 260 2412 diu
282 2347 409 2438 disputo
420 2359 445 2429 ,)
467 2373 561 2434 qnam
583 2351 757 2433 sapientem
780 2351 860 2429 nihil
883 2349 1025 2431 opinari,
1059 2352 1179 2425 idest,
1212 2371 1370 2434 nunquam
1394 2348 1560 2423 assentiri,
1638 2370 1639 2399 ³

203 2442 263 2505 reiv
277 2443 329 2504 vel
351 2442 469 2520 salsae,
494 2442 765 2530 vel'incognitae.
792 2445 864 2507 su.
890 2446 1001 2508 Restat
1023 2443 1119 2517 illud,
1145 2447 1233 2527 quod
1257 2445 1382 2518 dicunt,
1407 2444 1478 2507 veri
1493 2444 1543 2507 in·

205 2537 352 2600 veniendi
373 2558 466 2600 causa
489 2550 603 2603 contra
626 2540 730 2603 omnia
753 2539 814 2601 dici
838 2552 1015 2620 oportere,
1041 2549 1149 2620 etpro
1165 2539 1325 2603 orrrnibus.
1370 2537 1462 2601 Volo
1480 2535 1543 2622 igi·
1638 2550 1639 2617 l

169 2688 174 2709 „
204 2642 258 2692 tur
282 2630 405 2704 videre,
430 2631 508 2715 quid
529 2631 755 2696 invenerint¹⁰.
800 2635 877 2697 Non
898 2634 1054 2709 solemus,
1078 2631 1201 2718 inquit,
1225 2635 1409 2725 ostendere.
1442 2632 1542 2713 -Quae

204 2736 277 2787 sunt
297 2727 421 2788 tandem
443 2726 502 2790 ists
526 2727 699 2813 mysteria?
722 2740 775 2790 suu
797 2748 855 2789 cur
877 2728 1006 2801 celatis,
1031 2726 1121 2809 quasi
1138 2740 1233 2808 turpe
1249 2727 1386 2812 aliquid,
1410 2738 1543 2790 senteu-

202 2817 279 2880 tiam
301 2818 466 2887 vestram?
489 2822 551 2895 Ut,
583 2821 638 2905 qui
661 2821 803 2896 audient,
828 2820 952 2904 inquit,
977 2822 1104 2885 ratione
1125 2821 1260 2903 potius„
1277 2844 1374 2906 qnam
1397 2821 1542 2885 erectori-

145 2916 148 2921 “
204 2916 476 2987 tateducantur.
520 2915 608 2997 Quid
629 2915 656 2978 si
676 2914 876 2999 utroqueu?
904 2937 978 2977 num
1000 2915 1088 2997 peius
1110 2914 1183 2978 est?
1205 2917 1312 2980 Unum
1333 2928 1439 2978 tamen
1459 2914 1540 2979 illud
1597 2992 1601 2999 Ι

171 3000 173 3005 ’
204 3027 272 3079 non
291 3007 445 3082 celant¹²,
470 3007 546 3072 nihil
569 3031 659 3085 esse,
683 3012 771 3095 quod
792 3007 914 3091 percipi
927 3009 1051 3090 possit.
1097 3009 1150 3073 An
1165 3007 1196 3071 iu
1213 3031 1253 3074 eo
1269 3010 1443 3073 auctoritas
1460 3009 1541 3073 nihil

205 3099 320 3164 obest?
343 3100 428 3165 Mihi
450 3103 575 3186 quidem
598 3104 725 3168 videtur
748 3104 800 3166 vel
822 3103 1005 3184 plurimum.
1052 3103 1132 3184 Quis
1155 3103 1236 3168 enim
1258 3103 1318 3167 ista
1340 3116 1403 3165 tam
1426 3117 1540 3184 aperte

206 3193 440 3278 perspicueque
463 3209 495 3258 et
515 3219 690 3279 perversa,
716 3209 747 3262 et
766 3198 847 3261 salsa
869 3209 996 3261 secutus
1019 3209 1120 3270 esset,
1145 3197 1204 3260 nisi
1226 3209 1312 3260 tanta
1325 3196 1357 3261 in
1374 3198 1537 3275 Arcesila,

203 3288 305 3353 smrlto
321 3289 412 3353 ctiam
431 3292 531 3359 maior
547 3293 580 3356 in
604 3292 769 3358 Carneade
785 3304 817 3354 et
833 3292 926 3374 copia
943 3313 1068 3366 rerum,
1093 3305 1124 3356 et
1145 3291 1269 3355 dicendi
1286 3293 1333 3355 vis
1355 3291 1496 3355 fuisset?

186 3434 189 3445 .
287 3387 388 3449 XIX.
413 3392 466 3454 61.
489 3391 580 3452 Haec
602 3387 782 3451 Antiochus
803 3387 872 3449 sere
892 3397 923 3448 et
938 3385 1154 3450 Alexandriae
1170 3399 1254 3462 tum,
1279 3387 1432 3450 simultis
1447 3386 1539 3449 annis

202 3492 295 3562 post,
320 3486 420 3550 multo
444 3485 538 3549 ctiam
560 3481 812 3555 asseverantium,
836 3477 871 3543 in
894 3480 991 3561 Syria.
1016 3503 1112 3567 quum
1145 3494 1228 3545 esset
1260 3500 1401 3557 meeum,
1425 3481 1538 3562 paullo

179 3602 183 3611 ’
203 3587 276 3637 ante
299 3597 391 3659 quam
415 3581 498 3644 est¹³
522 3588 678 3640 mortuus.
713 3578 776 3639 Sed
790 3576 851 3638 iam
869 3575 1052 3641 confirmata
1068 3597 1178 3651 carisa,
1203 3588 1253 3651 te,
1277 3573 1437 3640 hominem
1456 3576 1537 3638 ami·

131 3696 134 3703 ¹
194 3667 380 3747 ‘cissimunm
415 3678 479 3753 (me
502 3683 606 3734 erstem
629 3671 842 3757 appellahet3)
865 3682 896 3733 et
918 3669 1040 3755 aliquot
1062 3670 1149 3733 annis
1173 3671 1326 3733 minorem
1348 3682 1442 3744 natu,
1468 3691 1536 3732 non
1640 3754 1641 3757 Ἴ

202 3764 357 3830 dubitabo¹
378 3788 532 3832 monere:
558 3769 668 3841 Tune,
705 3787 799 3849 quum
822 3765 916 3827 tantis
939 3765 1091 3849 laudibus
1104 3765 1341 3848 philosophiam
1364 3764 1532 3839 extuleris,
1639 3762 1641 3839 l

160 3894 161 3902 .
202 3856 476 3946 Hortensiumque
505 3871 652 3924 nostrum
685 3858 919 3922 dissentientem
948 3860 1179 3937 commoreris,
1204 3882 1272 3923 eam
1294 3855 1534 3941 philosophiam
1639 3852 1641 3899 l

201 3972 356 4034 sequere,
390 3978 473 4039 quae
503 3954 668 4017 confundit
698 3975 772 4016 vere
807 3975 878 4015 cum
899 3953 1007 4031 falsis,
1042 3955 1160 4036 spoliat
1181 3977 1240 4020 nos
1261 3952 1399 4028 iudicio,
1426 3950 1536 4034 privat

200 4050 454 4131 approbatione,
480 4048 624 4113 omnibus
649 4049 742 4111 orbat
751 4048 778 4087 ¹⁴
800 4048 968 4111 sensibus?
991 4051 1036 4112 Et
1053 4048 1233 4113 Cimmeriis
1249 4049 1393 4133 quidem,
1418 4046 1536 4132 quibus
1640 4054 1641 4065 ²

199 4158 327 4226 Fortasse
339 4192 422 4244 queam
434 4172 596 4239 delendum,
616 4173 737 4236 irascit,
759 4189 789 4227 ut
807 4177 946 4226 artissime
966 4178 1150 4247 iunganturv.
1166 4173 1218 4225 hoe
1236 4173 1307 4225 illud
1320 4190 1389 4236 esse,
1411 4176 1436 4222 st
1458 4176 1536 4220 inter

137 4246 142 4254 '
200 4246 252 4296 illa
266 4254 379 4300 omnino
397 4250 470 4300 nihil
482 4255 637 4303 interesset.
658 4247 709 4324 (-
730 4250 779 4300 illa
808 4254 999 4301 internoscere
1027 4251 1121 4304 licere.
1167 4250 1208 4302 At
1233 4254 1308 4300 enim
1333 4245 1420 4299 nihilo
1441 4251 1536 4298 minus

197 4328 335 4374 assentiri
346 4333 443 4396 potest
454 4357 502 4369 --
515 4330 672 4377 interesset.
699 4326 767 4376 Non
781 4329 823 4376 ita
841 4333 893 4375 est.
920 4325 1018 4376 Habeo
1031 4331 1104 4378 enim
1115 4327 1145 4377 L.
1158 4322 1188 4380 (l.
1204 4327 1285 4383 1566.
1299 4346 1338 4382 =
1350 4329 1426 4375 inter
1438 4341 1473 4373 ea
1487 4324 1535 4386 B.)

275 4397 312 4472 (¹)
332 4428 370 4443 -
386 4410 506 4472 possunt
525 4402 606 4454 Grut.
626 4401 662 4453 D.
700 4398 739 4472 (²)
760 4401 808 4454 stc
827 4400 859 4452 V.
881 4398 917 4453 G.
937 4408 964 4458 2.
983 4410 1069 4452 -et
1088 4405 1119 4465 B.
1139 4402 1174 4454 Η.
1196 4403 1237 4456 Μ.
1258 4402 1288 4453 L.
1309 4401 1344 4453 D.
1366 4407 1393 4457 1.
1426 4397 1464 4472 (³)
1486 4397 1535 4450 Sic
1640 4406 1641 4419 ³

144 4535 147 4540 ,
198 4471 232 4525 L.
252 4477 282 4527 iu
302 4488 341 4528 m.
364 4481 446 4536 1581.
461 4478 497 4531 D.
516 4476 552 4532 G.
572 4503 609 4520 -
628 4480 730 4527 animis
748 4493 805 4531 ons.
825 4480 855 4526 in
875 4476 904 4528 L.
926 4477 1009 4536 1566.
1029 4506 1066 4521 -·-
1085 4483 1115 4529 in
1134 4482 1243 4529 animos
1263 4478 1295 4530 B.
1314 4477 1348 4530 H.
1363 4475 1396 4530 V.
1408 4475 1449 4528 Μ.
1462 4481 1487 4530 1.
1505 4478 1534 4525 2.
1639 4478 1641 4513 l

196 4548 235 4612 (⁴)
257 4579 292 4591 -
312 4570 366 4603 vos
384 4571 441 4603 non
460 4553 491 4605 L.
530 4551 568 4625 (⁵)
588 4581 625 4595 -·
645 4557 726 4623 quiesi
737 4549 771 4621 f.
790 4550 922 4609 Wellseri
943 4569 1017 4622 susp.
1046 4550 1083 4626 (⁶)
1102 4580 1140 4596 -
1159 4553 1364 4625 impediremini
1381 4554 1416 4606 H.
1444 4546 1482 4624 (⁷)
1494 4575 1533 4592 ·-
1640 4578 1641 4585 ¹

197 4643 222 4676 v.
237 4623 464 4680 id--retentto
478 4644 606 4699 suspecta
620 4628 698 4681 Man.
712 4628 786 4683 etl..
813 4626 851 4692 (⁸)
866 4627 913 4679 Sic
930 4627 966 4681 G.
985 4625 1014 4683 C.
1035 4635 1060 4683 2.
1081 4645 1189 4694 -onu
1204 4647 1241 4680 eo
1255 4627 1325 4689 edd,
1344 4631 1374 4681 Β.
1394 4627 1430 4679 ll.
1450 4625 1482 4676 V.
1496 4623 1533 4675 1).

198 4701 339 4755 1·-lrue
350 4704 403 4755 sol.
417 4722 477 4755 esse
487 4703 540 4757 del.
555 4706 583 4757 L.
598 4701 627 4758 C.
654 4700 693 4777 (⁹)
711 4731 751 4745 ·-
766 4720 823 4755 om.
837 4707 895 4755 iarn
908 4702 959 4757 cd.
975 4703 1071 4776 Steph.
1089 4705 1123 4758 H.
1140 4709 1349 4756 —iametiam
1365 4706 1480 4754 nimium
1500 4699 1533 4750 L.
1574 4766 1577 4773 ι

197 4775 254 4850 (C.)
283 4776 332 4851 (¹⁰)
352 4806 390 4821 -··
409 4796 463 4833 om.
490 4779 559 4851 qnid
577 4784 635 4831 inv.
654 4776 723 4830 Cdd.
748 4778 812 4848 aliq.
831 4768 901 4853 ‘(11)
920 4797 934 4833 e
954 4778 1024 4833 Cdd.
1044 4781 1078 4833 1).
1099 4779 1169 4834 Lell.
1189 4789 1213 4837 1.
1233 4781 1268 4833 G.
1285 4787 1312 4834 2.
1329 4808 1368 4821 -·
1387 4785 1533 4846 utrumqne

196 4854 229 4905 Β.
252 4854 287 4906 Η.
314 4858 349 4908 V.
378 4855 410 4908 L.
429 4884 468 4896 -
487 4858 616 4926 utrinque
636 4852 684 4906 Cd.
710 4852 809 4907 Dresd.
848 4855 900 4923 (¹2)
928 4880 966 4896 -·-
985 4856 1107 4906 celamns
1130 4855 1200 4909 Cdd.
1221 4854 1287 4925 aliq.
1302 4858 1333 4909 B.
1353 4869 1391 4906 me
1410 4854 1532 4904 celamur

104 4958 107 4964 Δ
198 4927 333 4982 Gulielm.
353 4947 428 5001 susp.
449 4929 528 5003 prob.
550 4932 586 4985 G.
620 4928 675 5004 (¹³)
696 4928 743 4982 Sic
763 4927 831 4982 Cdtl.
853 4930 917 5002 aliq.
936 4928 987 4983 Ed.
1010 4933 1091 4989 1t71.
1111 4933 1143 4985 Β.
1164 4933 1199 4984 D.
1222 4945 1247 4987 s·
1268 4933 1304 4986 G.
1325 4937 1351 4987 2.
1364 4936 1487 4980 -essst
1496 4927 1532 4981 H.

92 5068 93 5075 ἵ
195 5004 231 5054 V.
250 5004 282 5058 L.
321 5005 490 5088 (¹³)os1pr.
510 5006 713 5079 approbatione
733 5010 824 5070 orsini,
845 5007 929 5059 oriar
946 5006 979 5061 V.
998 5007 1079 5078 Prob.
1100 5008 1270 5060 cameratio.
1295 5054 1298 5063 ,
1386 5068 1402 5091 .,
