3288 5490
1096 154 1109 185 ι

890 251 897 279 l

223 394 265 459 οι
421 418 423 427 ,
508 366 902 458 Acaunurcouuu
922 386 1269 459 eosrmuonmu
1337 454 1344 465 .

164 548 166 555 '
217 522 461 620 intemperantis
484 533 566 597 enim
589 532 733 597 arbitror
754 554 822 599 esse
831 538 855 613 ¹,
888 532 1031 599 scribere
1054 535 1142 621 quod
1165 535 1318 599 occultari
1339 535 1460 613 vetit²;
1485 542 1553 602 'sed

219 634 323 697 habeo
344 652 436 712 -opus
460 648 609 712 magnum
638 628 671 691 in
703 628 865 706 manibus,
900 630 1009 714 quod³
1030 628 1092 692 iam
1113 627 1237 711 pridem
1260 630 1405 693 adhunc
1426 633 1556 713 ipsunt

144 716 147 723 ¹
219 731 291 808 (me
314 724 608 807 autemdicebat,)
642 716 796 808 quaedam
826 723 964 800 institui,
999 746 1080 810 quae
1107 736 1138 786 et
1159 735 1233 786 sunt
1255 745 1370 808 magna
1390 737 1488 821 sane,
1524 737 1553 788 et

218 821 368 883 limantur
391 840 408 880 a
431 839 479 903 ine
500 814 645 900 politius.
691 817 724 879 3.
748 818 792 880 Et
808 838 893 902 ego,
919 819 983 882 lsta
999 814 1144 900 quidem,
1169 816 1315 900 inquam,
1334 820 1469 895 Varro,
1494 818 1553 882 iam

179 932 182 941 ·
220 915 273 977 diu
296 903 501 994 erispectans,
530 932 595 973 non
618 912 719 973 audeo
742 921 846 974 tamen
868 911 1035 995 flagitare:
1068 910 1174 974 audivi
1197 912 1278 975 enim
1301 932 1321 973 e
1341 911 1474 975 Libone
1496 935 1575 977 lto-1

47 1002 54 1013 ⁵
135 1074 138 1083 „
219 1020 308 1083 stro,
336 1006 423 1071 euius
447 1005 532 1068 nosti
556 1004 711 1083 studium,
736 1004 827 1084 (nihil
848 1004 930 1067 enirn
953 1002 1108 1067 eiusmodi
1130 1005 1235 1068 celare
1258 1008 1457 1087 possumus,)
1489 1029 1552 1070 non

218 1114 251 1164 te
274 1100 331 1163 ea⁵
353 1099 580 1174 intermittere,
615 1100 672 1161 sed
701 1098 880 1183 accuratius
910 1110 1070 1174 tractare,
1104 1121 1163 1162 nec
1185 1102 1225 1163 de
1248 1101 1391 1165 manibus
1415 1123 1554 1183 unquam

218 1199 394 1279 deponere.
429 1194 514 1257 Illud
536 1204 645 1256 antem)
661 1192 740 1257 mibi
761 1207 832 1259 ante
855 1195 918 1257 hoe
938 1205 1065 1276 tempus
1083 1214 1242 1278 nunqnam
1263 1195 1295 1257 iu
1312 1205 1450 1257 mentem
1466 1196 1553 1259 venit

219 1308 235 1353 a
266 1282 303 1352 te⁸
327 1288 530 1373 requirere?
551 1289 607 1350 sed
635 1309 739 1361 nunc,
776 1301 986 1373 posteaquam
1009 1310 1078 1350 sum
1100 1287 1263 1379 ingressus
1286 1309 1338 1350 res
1361 1308 1434 1364 eas,
1475 1311 1553 1374 quas

219 1397 322 1448 tecum
340 1383 432 1445 simul
447 1381 552 1457 didici,
577 1384 725 1443 mandare
741 1383 966 1457 monumentis,
989 1382 1291 1465 philosophiamque
1309 1394 1451 1446 veterem
1467 1382 1570 1445 illam·

219 1480 394 1541 a'Soerate
417 1487 519 1541 ortana
535 1466 661 1552 Latinis
685 1474 785 1539 literis
806 1476 986 1551 illustrare;
1011 1484 1152 1560 quaero,
1177 1476 1255 1560 quid
1270 1477 1328 1552 sit,
1354 1497 1430 1563 cur,
1457 1499 1553 1561 quum

218 1573 316 1637 multa
331 1570 471 1646 scribas,
497 1592 599 1656 genus
619 1570 682 1633 hoc
704 1570 956 1651 praetermittas,
979 1570 1167 1652 praesertim
1194 1594 1290 1656 quum
1312 1570 1433 1652 etipse
1456 1570 1489 1633 in
1514 1592 1553 1634 eo

218 1667 373 1742 excellas,
398 1678 429 1729 et
451 1665 483 1727 id
506 1663 643 1727 studium
665 1673 797 1750 totaque
820 1685 858 1728 ea
880 1665 953 1728 res⁴3
971 1665 1071 1750 longe
1093 1663 1206 1729 ceteris
1229 1677 1260 1728 et
1281 1652 1394 1728 'studiis
1419 1676 1452 1727 et
1475 1664 1554 1749 arti-,¹

191 1756 205 1769 ⁹
218 1762 299 1827 bus⁷
322 1759 522 1823 antecedat⁸.

302 1857 352 1920 ΙΙ.
377 1857 409 1916 lt.
435 1852 607 1928 't·un1itte‚
632 1854 714 1947 qu
738 1873 756 1914 a
777 1873 827 1915 me
845 1872 939 1935 saepe
961 1851 1167 1917 deliberatam
1190 1865 1222 1916 et
1244 1856 1376 1941 multum
1400 1851 1553 1937 agitatam
1594 1889 1597 1897 ,

217 1943 370 2034 ‘requiris
415 1948 529 2031 Itaque
553 1953 616 2009 noh
639 1945 797 2008 haesitans
819 1948 1047 2028 respondeb03
1085 1950 1140 2012 scd
1162 1967 1200 2010 ea
1222 1947 1339 2021 didam,
1373 1946 1554 2030 quaemihi

219 2042 346 2108 arentin
368 2051 540 2123 promptim
576 2042 663 2122 qnod
683 2039 745 2101 ista
767 2039 837 2121 ipsa
859 2041 897 2102 de
918 2061 953 2102 re
976 2042 1126 2118 multum,
1159 2053 1195 2104 ut
1217 2040 1304 2115 dixi,
1329 2051 1364 2101 et
1384 2020 1437 2101 diu
1461 2038 1554 2123 cogi·
1613 2047 1628 2053 ’

220 2136 320 2200 tavi⁹.
357 2137 438 2196 Nam
463 2155 558 2216 quum
577 2131 818 2215 philosophiam
837 2133 979 2196 viderem
989 2134 1241 2220 diligentissime
1257 2132 1391 2196 Graecis
1414 2132 1553 2197 literis²⁰

141 2304 144 2309 Ι
220 2230 428 2313 explicatam,
455 2226 651 2302 existimavi,
680 2227 707 2290 si
729 2227 844 2313 quide
866 2226 984 2290 nostris
1007 2228 1073 2291 eius
1096 2220 1426 2301 studio‘tenerentur,
1451 2227 1479 2289 si
1502 2248 1553 2289 es-

58 2322 65 2339 '
154 2360 156 2370 ‹
220 2336 290 2389 sent
313 2321 446 2385 Graecis
470 2320 624 2383 doctrinis
647 2321 781 2396 eruditi,
816 2321 943 2384 Graeca
971 2322 1097 2404 potins,
1134 2333 1365 2406 quam1nostra
1387 2321 1550 2385 lecturos:

220 2419 270 2482 sin
293 2438 309 2480 a
336 2417 534 2479 Graecorum
559 2414 680 2483 artibus
704 2427 735 2477 et
757 2414 929 2497 disciplinis
958 2418 1217 2492 abhorrerent¹¹,
1252 2438 1290 2480 ue
1319 2417 1398 2476 haec
1424 2414 1551 2497 quidem

220 2522 407 2584 curaturos,
435 2529 516 2593 quae
538 2508 605 2570 sine
627 2507 805 2571 eruditione
830 2511 953 2572 Graeca
976 2509 1109 2595 intelligi
1131 2532 1195 2574 non
1218 2510 1410 2593 possunt¹²z
1443 2510 1552 2592 itaque

15 2654 20 2663 .
222 2626 259 2669 ea
280 2602 370 2667 nolui
391 2600 554 2678 seribere,
580 2622 660 2685 quae
675 2623 734 2664 nec
748 2603 868 2666 indocti
882 2603 1061 2690 intelligere
1075 2616 1228 2688 possent,
1253 2624 1312 2666 nec
1329 2602 1421 2690 'docti
1443 2603 1552 2687 legere

220 2709 382 2763 curarent.
427 2697 458 2759 5.
477 2695 584 2785 ³Vides
608 2707 711 2759 autem
733 2699 842 2760 eadent
864 2697 952 2779 ipte3
987 2699 1122 2762 didicisti
1145 2698 1226 2761 enim
1249 2718 1314 2761 non
1336 2706 1433 2778 p'osse
1459 2719 1518 2759 nos
1531 2695 1553 2736 ¹³

220 2790 373 2859 Amafinii
382 2789 417 2866 ¹4,
428 2802 496 2852 oant
513 2788 637 2855 Rabirii
656 2789 773 2853 similes
797 2812 885 2868 esse,
910 2791 982 2877 qui,
1008 2792 1093 2857 nulla
1116 2804 1183 2854 arte
1206 2790 1366 2867 adhibita,
1391 2794 1429 2853 de
1453 2793 1549 2852 rebus

215 2897 293 2949 aute
319 2885 429 2949 oculos
452 2883 566 2966 positis
583 2883 710 2969 vulgari
725 2906 873 2952 sermone
890 2880 1068 2968 disputant,
1094 2886 1176 2949 nihil
1193 2885 1360 2960 definiunt,
1385 2884 1463 2947 nihil
1478 2907 1553 2967 par-

220 2980 360 3057 tiuntur,
396 2978 571 3061 nihilapta
591 2977 880 3063 interrogatione¹⁵
903 2981 1117 3057 concludunt,
1152 2981 1268 3043 nullam
1291 2978 1426 3063 denique
1449 2991 1554 3041 artem

179 3088 183 3097 “
221 3095 291 3141 esse
303 3095 360 3139 nec
372 3072 504 3149 dicendi,
516 3095 574 3135 nec
586 3072 758 3137 disserendi
769 3086 893 3155 putant.
907 3077 978 3139 Nos
991 3088 1093 3139 autem
1104 3074 1285 3158 praeceptis
1298 3071 1552 3146 dialecticorum,

222 3180 254 3231 et
269 3179 434 3255 oratorum
446 3166 539 3230 etiam
547 3167 574 3207 '¹⁶
588 3199 629 3209 -
648 3165 797 3251 quoniam
809 3180 973 3253 utramque
985 3169 1068 3246 vim,
1093 3171 1242 3232 virtutem
1250 3169 1278 3209 ¹⁷
1291 3189 1359 3231 esse
1375 3166 1478 3228 nostri
1492 3186 1553 3247 pu·

221 3273 308 3339 tant,
326 3294 368 3305 —
384 3261 434 3325 sic'
444 3274 613 3344 parentes,
639 3272 673 3323 ut
691 3260 836 3347 legibus,
861 3263 968 3333 verbis
988 3262 1006 3298 '²
1022 3264 1184 3349 quoque18
1198 3262 1297 3327 *novis
1317 3262 1466 3346 cogimur
1485 3261 1552 3325 uti:

228 3392 1551 3424 ......--------..-.....,............-.„......-....

297 3464 335 3540 (1)
356 3482 471 3522 :esse
491 3464 618 3514 arbitror
636 3453 829 3537 Hieronymus·
839 3472 870 3518 in
886 3465 1017 3540 Rufinum
1033 3476 1058 3526 1.
1078 3470 1129 3522 col.
1150 3469 1214 3528 349.
1236 3470 1277 3523 M.
1299 3466 1331 3524 L.
1370 3470 1410 3535 (1)
1427 3498 1464 3511 -·
1484 3470 1555 3520 velis

220 3542 354 3606 Hieron,
381 3556 411 3593 ut
430 3538 540 3592 volebat
560 3538 689 3597 Walker.
737 3539 775 3614 (³)
799 3557 838 3595 oo
856 3560 908 3614 quo
928 3561 966 3596 sc.
987 3560 1079 3616 opere.
1106 3543 1175 3599 cad.
1197 3544 1277 3617 prob.
1297 3546 1332 3598 G.
1373 3542 1426 3596 Sed
1444 3543 1555 3596 librarii

222 3621 271 3672 isti
290 3615 364 3687 quod
381 3615 453 3668 male
473 3633 523 3687 pro
543 3620 708 3687 pronomine
727 3611 857 3670 habuisse
876 3617 1021 3684 videntur,
1039 3637 1124 3692 quum
1145 3624 1181 3672 sit
1201 3624 1379 3682 coniunctim
1401 3635 1461 3672 tum
1482 3618 1557 3692 quod

222 3688 291 3763 opus
310 3692 446 3762 qrtaedam
463 3694 577 3745 institui
596 3706 662 3751 sane
683 3694 878 3764 corrigendum
897 3694 1041 3766 putabant.
1060 3714 1186 3767 -quae
1206 3694 1274 3749 Cdd.
1293 3695 1413 3765 aliqa-
1433 3701 1499 3766 quia
1520 3696 1554 3748 D.

90 3738 92 3743 i
175 3769 176 3772 ’
223 3784 297 3840 susp.
337 3765 374 3835 (1)
394 3766 502 3821 sicM.
523 3768 554 3819 Ι..
570 3774 594 3823 1.
608 3773 635 3821 2.
656 3794 692 3808 ·-
712 3767 751 3819 ad
768 3767 840 3823 hune
860 3788 921 3820 eum
940 3776 1031 3842 ipsum
1050 3770 1119 3827 Cdd.
1137 3772 1172 3824 H.
1188 3774 1217 3824 V.
1231 3771 1267 3827 D.
1288 3781 1393 3841 (errant
1413 3771 1481 3825 Em.
1504 3770 1556 3843 G.)

221 3842 276 3897 Hb.
298 3837 348 3897 G.
374 3841 427 3894 Sed
447 3841 508 3894 uide
528 3842 609 3894 Beier
629 3834 714 3912 Offi'c.
734 3844 768 3896 T.
788 3851 816 3900 2.
837 3862 862 3915 p.
884 3851 929 3900 21.
976 3845 1013 3912 (⁵)
1040 3865 1079 3900 ··.:
1097 3865 1131 3896 ea
1150 3850 1178 3897 te
1198 3847 1239 3900 M.
1285 3851 1321 3913 ()
1346 3876 1380 3887 —
1401 3864 1451 3896 ars
1473 3846 1556 3911 le.,

211 3933 254 3971 ,ιιι
273 3917 382 3970 volebat
402 3917 521 3988 Leodeg.
542 3919 695 3987 aQuercu.
720 3918 771 3988 ⁸(7)
791 3949 829 3962 —
848 3916 930 3971 rebus
949 3921 1066 3974 Bentleii
1086 3938 1161 3994 susp.
1200 3919 1295 3995 (1)-
1313 3922 1464 3973 antecellat
1484 3919 1555 3979 Cdd.

224 3993 289 4063 aliq.
310 3994 341 4048 L.
381 3991 418 4060 (⁹)
437 4023 475 4036 -·
494 3994 568 4046 Haeo
586 3992 639 4043 sed
655 4012 689 4044 ea
702 4024 721 4036 -
733 4000 891 4063 -cogitari
910 3997 944 4050 G.
966 3996 1010 4068 [].
1030 4026 1067 4038 —
1086 3997 1147 4049 Del.
1169 3997 1234 4053 Sela.
1249 4004 1275 4053 2.
1295 4017 1319 4051 v.
1339 3996 1414 4069 quod
1431 4002 1491 4059 iata
1504 4030 1524 4040 -
1537 4028 1555 4040 -

222 4074 361 4138 cogitavi.
407 4068 458 4136 (11))
484 4097 522 4111 -
541 4069 633 4120 literis
652 4069 770 4121 Graecis
789 4071 831 4125 M.
852 4071 884 4124 L.
911 4071 975 4144 ’(11)
997 4102 1035 4116 --
1054 4070 1206 4124 abhorrent
1225 4073 1306 4129 Grut.
1320 4072 1401 4133 'solus
1421 4091 1455 4126 ex
1475 4074 1556 4139 meis,

223 4162 317 4198 errore
345 4158 468 4218 typogr,
501 4159 531 4197 ut
562 4142 679 4197 videtur.
718 4146 859 4200 Huelsem.
897 4147 977 4199 Hanc
1002 4162 1066 4200 vero
1093 4151 1183 4221 ipsam
1203 4147 1271 4202 Cdd.
1299 4153 1425 4205 omnium
1452 4147 1472 4202 l.
1496 4166 1555 4201 esse

171 4214 174 4221 ⁴
221 4216 340 4274 affirmat
362 4220 398 4274 G.
438 4219 520 4272 Certe
540 4218 622 4274 Grut.
641 4220 710 4275 Dav.
730 4218 841 4275 Oxonn.
861 4220 933 4275 nihil
952 4238 1093 4278 notarunt.
1139 4222 1189 4297 (12)
1210 4232 1378 4295 —possent
1399 4221 1468 4278 Cdd.
1490 4224 1558 4295 aliq.

223 4295 273 4363 (11)
302 4325 338 4339 -
356 4295 551 4347 venerantem
577 4293 691 4368 (eadem
709 4301 783 4349 enim
800 4302 859 4368 ipse
878 4296 1021 4372 didicisti)
1044 4316 1102 4349 non
1120 4317 1200 4371 posse
1220 4317 1271 4351 nos
1294 4299 1330 4353 D.
1351 4304 1453 4370 auspic.
1474 4299 1555 4373 proh.

222 4372 290 4426 Ero.
336 4371 387 4444 (tt)
415 4369 461 4422 Sic
481 4368 551 4425 Cdd.
571 4370 636 4440 aliq.
658 4370 723 4424 Seh.
739 4378 765 4426 2.
790 4400 829 4414 —-
848 4371 1002 4444 Amafanti
1022 4375 1125 4427 Ceteri.
1170 4374 1222 4442 (11)
1248 4381 1555 4442 ooargruraentatione

224 4446 258 4501 de
277 4447 398 4500 Bentleii
417 4444 446 4501 d.
467 4445 532 4498 Sch.
546 4452 572 4499 2.
608 4443 662 4499 Sed
680 4445 741 4499 vide
761 4447 948 4503 Alexandrum
968 4447 1115 4521 Aphrodis.
1136 4449 1209 4522 apud
1229 4448 1343 4504 suidam
1365 4455 1394 4502 in
1414 4470 1438 4504 v.
1458 4447 1557 4520 διεξο-

224 4518 336 4588 δικοὺς.
363 4518 420 4595 τὴν
446 4517 637 4594 διαλεκτικὴν
656 4555 673 4565 -
692 4556 709 4565 -
727 4519 773 4599 μὴ
799 4520 979 4593 διεξοδικοὺς
1004 4524 1163 4582 nauteam
1188 4521 1261 4588 τοὺς
1273 4523 1386 4602 ’λόγους
1393 4567 1402 4592 ,
1435 4532 1494 4581 etti.
1522 4524 1555 4581 ἐν

224 4590 370 4674 ἐρωτήσει
393 4592 448 4652 καὶ
474 4594 643 4670 ἀποκρίσει.
673 4612 726 4650 cet.
775 4596 826 4672 (¹⁶)
857 4597 904 4672 Sic
929 4599 963 4653 tt.
1003 4599 1075 4652 Tum
1094 4619 1109 4653 e
1130 4598 1198 4654 Cdd.
1220 4599 1301 4654 Grut.
1328 4600 1411 4672 Seqq.
1439 4598 1554 4654 -‘om.

223 4677 311 4725 etiam
330 4675 371 4727 M.
391 4672 423 4725 L.
444 4674 500 4737 (--
518 4679 673 4724 oratorum.
712 4672 752 4725 Ee
772 4679 902 4746 quoniam
921 4676 975 4741 V.)
1019 4675 1071 4745 (17)
1096 4705 1133 4719 -
1152 4684 1295 4746 astrumque
1314 4681 1374 4726 vim
1394 4694 1478 4727 ianam
1497 4692 1554 4725 essa

223 4749 266 4804 M.
287 4746 316 4803 C.
337 4749 369 4803 L,
400 4751 554 4813 (pirensem
580 4763 630 4817 ego
657 4765 764 4820 quoque
790 4765 951 4821 corruptum
976 4764 1091 4803 censeo:
1123 4750 1192 4805 latet
1216 4756 1246 4803 in
1273 4751 1327 4803 hoc
1353 4768 1414 4805 voe.
1441 4746 1554 4820 aliquod

223 4821 395 4895 respondens
416 4823 524 4875 Graeco
545 4817 768 4898 ἀντίστροφος,
787 4825 829 4878 vel
849 4824 1015 4896 simpliciter
1034 4830 1175 4887 iunctam
1193 4831 1241 4878 oir
1257 4857 1276 4867 -
1296 4841 1336 4879 est
1356 4830 1508 4898 geminano
1528 4845 1553 4880 ι.

223 4902 305 4964 vim.)
344 4898 394 4963 (¹3)
414 4895 447 4948 de
460 4896 526 4948 Em.
540 4904 678 4950 sententia
692 4899 727 4951 G.
742 4906 768 4954 2.
789 4930 826 4945 υ·
845 4919 1011 4971 praeterquam
1031 4900 1099 4959 Cdd.
1112 4901 1182 4960 Edd.
1202 4916 1327 4967 ceterae,
1349 4917 1456 4974 preater
1474 4899 1553 4965 hall,

158 5012 161 5023 .
223 4977 270 5048 qui
291 4969 325 5026 de
344 4973 380 5026 D.
401 4988 489 5045 susp:
515 5000 554 5016 -
572 4989 778 5044 ttonnuuquam.

369 5078 372 5085 r
