3252 5490
224 410 343 473 ur.
431 398 506 475 ‘us
529 411 974 477 r1uisosssououuiu
997 396 1328 518 ur'MiLouuat
1447 420 1453 479 t

226 550 321 628 sinti,
346 550 416 633 ipsa
432 570 501 615 esse
520 551 672 634 optabilia
681 574 745 635 ,per
759 574 847 629 sese,
873 575 969 637 quum
984 553 1142 616 videamus
1157 565 1243 615 tanta
1262 555 1351 619 esse²
1363 553 1467 618 officia
1486 577 1555 620 nro·

4 718 5 731 .
57 642 62 651 ’
168 699 171 705 ,
216 644 359 708 11111111)
383 648 456 708 100.
475 646 1236 728 sed,utepistotam‘laudandamarbitroream,
1261 651 1557 732 quammodototi*

225 741 295 800 dem
313 737 382 800 fere
401 739 508 802 verbis
528 739 756 820 interpretatus
775 762 861 803 sum:
886 743 1088 825 (quamquam
1110 761 1148 804 ea
1167 763 1238 803 cum
1260 764 1381 806 summa
1398 744 1465 806 eius
1483 744 1556 825 phi·

224 831 394 913 losophie³
415 834 504 896 nullo
527 835 624 896 inodo
647 837 847 918 congruebat
857 837 881 914 z)
904 835 951 897 sic
973 835 1110 897 eiusdeui
1133 847 1353 901 testamentum
1370 859 1435 903 non
1452 838 1556 900 solum

224 929 263 988 ,a
283 925 477 1008 philosophi⁴
492 928 668 1011 gravitate,
693 931 749 990 sed
771 930 864 993 etiam
888 932 928 991 ab
952 930 1049 1011 ipsius
1064 929 1218 992 sententia
1233 929 1554 1012 iudicodiscrepare.

151 1076 156 1083 ,
224 1021 359 1101 Scripsit
383 1022 482 1097 enim,
508 1034 539 1083 et
554 1021 659 1083 multis
678 1043 774 1104 saepe
797 1024 922 1100 verbis,
948 1034 980 1087 et
1001 1024 1142 1086 breviter
1158 1037 1314 1108 apteque,
1338 1026 1368 1087 in
1393 1046 1434 1097 eo
1456 1026 1555 1098 libro,

223 1137 317 1200 quem
348 1118 443 1179 modo
465 1115 645 1191 nominavi,
681 1130 829 1181 mortem
856 1118 944 1180 nihil
971 1118 1018 1179 ad
1038 1139 1102 1181 nos
1119 1118 1295 1200 pertinere
1302 1142 1315 1191 ‚·
1349 1120 1444 1202 quod
1464 1119 1556 1182 enim

223 1190 429 1272 dissolutum
451 1209 514 1286 sit,
552 1209 589 1272 id
609 1231 683 1272 esse
703 1211 775 1274 sine
799 1232 921 1285 senem
943 1212 1037 1296 qnod
1060 1224 1176 1274 autem
1198 1212 1272 1275 sine
1290 1233 1396 1274 sensu
1415 1214 1484 1287 sit,
1520 1214 1557 1276 id

222 1304 311 1368 nihil
330 1306 377 1366 ad
400 1316 463 1367 nos
477 1304 652 1386 pertinere
677 1305 851 1369 omnino⁵.
896 1307 972 1370 Hoc
990 1305 1094 1387 ipsum
1120 1306 1295 1390 elegantius
1317 1306 1396 1388 poni
1424 1306 1557 1371 melius-

222 1419 285 1481 que
298 1398 418 1489 potuit.
467 1401 550 1493 iVam
572 1402 660 1484 quod
681 1400 723 1463 ita
741 1399 879 1482 positum
901 1412 969 1475 est,
993 1401 1096 1483 Quod
1112 1400 1319 1463 dissolutum
1337 1399 1404 1475 sit,
1428 1400 1467 1462 id
1480 1421 1556 1463 esse

222 1494 296 1556 sine
312 1513 435 1567 sensim
463 1493 495 1555 id
517 1494 671 1556 eiusmodi
691 1507 756 1570 est,
788 1504 904 1556 utnon
929 1493 1003 1554 satis
1022 1495 1115 1576 plane
1136 1494 1238 1569 dicat',
1263 1494 1339 1578 quid
1358 1493 1399 1556 sit
1416 1494 1556 1557 dissolu-

174 1668 177 1675 .
219 1591 299 1654 tum.
345 1589 418 1653 101.
451 1588 516 1650 Sed
531 1598 636 1650 tamen
655 1587 814 1672 intellige,
851 1587 926 1673 quid
949 1588 1037 1650 velit.
1095 1588 1227 1668 Quaero
1251 1600 1370 1664 autern,
1397 1589 1474 1672 quid
1493 1589 1554 1662 sit,

222 1677 408 1765 quodcum
430 1680 658 1761 dissolutione,
692 1682 810 1758 idest,
846 1695 950 1746 morte
960 1682 972 1757 ,'
1000 1704 1109 1746 sensus
1133 1683 1233 1746 omnis
1256 1683 1500 1766 exstinguatur3
1525 1695 1557 1745 et

217 1797 320 1856 ¹quum
340 1775 457 1858 reliqui
478 1773 555 1836 nihil
589 1774 628 1837 sit
654 1775 802 1850 omnino,
833 1780 919 1860 quod
943 1775 1101 1859 pertineat
1126 1779 1165 1836 ad
1198 1768 1277 1850 hos,
1313 1789 1376 1838 tam
1403 1790 1555 1840 accurate

217 1873 348 1952 tamque
369 1868 540 1952 diligenter
559 1880 670 1930 caveat
694 1881 725 1930 et
742 1869 877 1946 sanciat,
902 1883 941 1939 ut
957 1872 1243 1954 Amynomachus
1260 1882 1292 1932 et
1314 1871 1554 1947 Timocrates,

221 1964 364 2026 heredes
386 1964 458 2038 sui,
483 1963 525 2025 de
545 1964 772 2027 Hermarchi⁶
797 1964 967 2029 sententia
985 1965 1084 2038 dent,
1109 1963 1202 2048 quod
1218 1964 1304 2026 satis
1326 1964 1372 2026 sit
1396 1964 1445 2045 ad
1460 1965 1558 2026 diem

222 2059 397 2140 agendum
408 2061 558 2121 natalem
572 2079 674 2121 suum
685 2059 887 2143 quotannis,
913 2076 1026 2121 mense
1041 2057 1260 2135 Gamelione:
1281 2059 1429 2143 itemque
1440 2059 1556 2121 omni·

217 2151 284 2213 hus
303 2153 493 2229 mensibus,
510 2152 669 2215 vicesimo
684 2150 739 2215 die
756 2156 875 2228 trinae,
898 2155 978 2215 dent
990 2154 1037 2215 cul
1051 2172 1173 2214 eorum
1185 2155 1323 2234 epulas,
1337 2153 1397 2236 qui
1414 2174 1488 2215 una
1499 2175 1555 2216 se·

135 2276 141 2284 ‚
174 2313 177 2319 q
215 2267 300 2307 eum
317 2246 555 2329 philosophati
575 2246 663 2321 sint,
697 2258 787 2319 rttset
803 2248 879 2324 sui,
914 2259 948 2310 et
973 2246 1189 2322 Metrodori,
1215 2247 1384 2309 memoria
1401 2249 1555 2310 colatur.

206 2340 296 2412 stou.
321 2342 411 2402 Haec
433 2362 496 2424 ego
518 2362 581 2403 non
601 2361 732 2421 possum
752 2339 856 2403 dicere
883 2363 947 2403 uon
969 2362 1039 2403 esse
1062 2339 1201 2419 bominis
1222 2340 1386 2423 quamvis⁷
1410 2352 1442 2403 et
1459 2342 1552 2418 belli,

215 2435 420 2509 ¹etxhumani3
445 2435 594 2516 sapientis
613 2456 692 2498 vero
711 2436 798 2498 nullo
823 2438 937 2510 modo,
962 2435 1086 2517 physici
1102 2435 1308 2517 praesertim,
1334 2456 1427 2519 quem
1447 2457 1481 2498 se
1499 2436 1554 2499 ille

179 2546 188 2574 ¹
223 2528 314 2588 csse⁸
335 2529 423 2604 vult,
446 2542 560 2611 putare
578 2529 676 2593 ullum
695 2548 763 2594 esse
781 2530 964 2613 cuiusquam
984 2529 1066 2592 diem
1081 2530 1228 2592 natalem.
1274 2529 1384 2611 Quid?
1405 2530 1554 2593 idemne⁹
1619 2541 1620 2544 ’

113 2642 117 2649 ’
213 2631 329 2702 ‘potest
350 2644 419 2685 csse
441 2625 505 2685 dies
525 2627 666 2706 saepius,
693 2625 747 2709 qui
770 2627 866 2689 semel
884 2624 969 2687 fnit?
992 2622 1090 2687 Certe
1109 2645 1174 2687 nou
1188 2636 1314 2705 potest.
1353 2626 1443 2688 An¹⁰
1465 2625 1554 2689 eius-

223 2715 407 2777 demmodi?
437 2718 488 2780 Ne
510 2719 542 2780 id
565 2719 709 2803 quidem,
748 2719 808 2782 nisi
841 2721 979 2805 quumfl-
1003 2719 1098 2781 multa
1128 2739 1281 2781 annorum
1312 2717 1554 2782 intercesserint

216 2808 335 2883 millia3
360 2813 429 2881 ut¹²
453 2813 592 2875 omnium
615 2812 753 2876 siderum
767 2817 906 2888 eodeni,
939 2816 1022 2875 unde
1043 2813 1189 2894 prolecta
1211 2813 1292 2886 sint,
1316 2813 1371 2875 fiat
1393 2817 1431 2875 ad
1452 2836 1554 2876 unum

212 2901 344 2991 'tenipus
367 2890 531 2968 reversio:
563 2907 665 2991 sullus
688 2920 736 2970 est
758 2908 856 2992 igitur
878 2909 1060 2992 cuiusquam
1084 2909 1149 2970 dies
1173 2908 1294 2970 natalis.
1320 2943 1360 2955 --
1382 2908 1430 2971 At
1450 2908 1553 2969 habo-

223 2999 293 3059 tur!
317 3026 358 3039 ·-
381 3000 426 3060 Et
448 3020 511 3082 ego
527 3000 646 3063 scilicet
670 3001 735 3064 id¹³
758 3003 954 3065 nesciebam!
978 3001 1059 3077 Sed,
1084 3015 1119 3064 ut
1134 3001 1193 3076 sit,
1218 3002 1352 3071 etiamne
1368 3013 1443 3084 post
1461 3020 1563 3066 mor.

213 3086 285 3152 ''tem
309 3084 457 3154 coletur?
487 3092 583 3178 idque
605 3106 796 3161 testamento
819 3098 944 3160 cavebit
964 3097 1010 3171 is,
1040 3097 1095 3179 qui
1116 3096 1245 3161 uobis14
1270 3096 1362 3181 quasi
1384 3098 1552 3160 oraculum

90 3262 97 3269 ,
217 3185 372 3260 ediderit,
411 3187 487 3248 nihil
509 3201 583 3269 post
606 3202 740 3253 mortem
763 3193 803 3254 ad
824 3212 883 3253 nos
905 3190 1067 3274 pertinere
1076 3189 1124 3253 ¹⁵?
1150 3192 1241 3252 Haec
1261 3211 1326 3253 non
1350 3203 1440 3253 erant
1461 3192 1549 3266 eins,

167 3350 172 3363 ⁸
220 3276 277 3363 qni
299 3280 542 3344 innumerabiles
558 3287 691 3347 mundos
703 3285 908 3368 infinitasque
923 3284 1091 3369 regiones,
1116 3304 1251 3368 quarum
1272 3285 1357 3346 nulla
1373 3296 1457 3347 esset
1478 3307 1550 3357 ora,

220 3372 305 3434 nulla
326 3374 526 3451 extremitas,
565 3390 668 3440 mente
684 3379 934 3463 peragrarisset.
987 3380 1149 3463 Numquid
1170 3368 1233 3441 t'ale
1250 3366 1484 3442 Democritus?
1508 3381 1551 3443 Ut

208 3466 301 3529 'alios
325 3468 489 3545 omittam,
514 3470 599 3532 hunc
621 3473 768 3553 appello,
793 3495 886 3558 quem
908 3474 1077 3537 ille‘uuum
1097 3484 1223 3536 secutus
1246 3485 1306 3535 est.
1354 3473 1426 3535 103.
1453 3473 1551 3554 Quod

219 3560 247 3621 si
269 3559 335 3621 dies
359 3566 514 3625 notandus
536 3564 615 3639 fuit,
641 3587 751 3629 eumne
773 3566 900 3648 potins,
925 3588 990 3652 quo
1017 3579 1127 3642 natus3
1152 3589 1189 3628 an
1214 3588 1304 3641 eum,
1337 3587 1401 3648 quo
1424 3567 1548 3647 sapiens

211 3652 323 3714 'lactus
347 3654 419 3717 est?
449 3659 525 3719 Non
557 3659 681 3738 potuit,
704 3659 845 3743 inquies,
870 3662 940 3726 fieri
962 3660 1109 3743 sapiens,
1133 3660 1194 3723 nisi
1215 3672 1307 3722 natus
1329 3671 1426 3723 esset.
1472 3659 1549 3723 ΕΗΒ

178 3788 180 3793 ,
217 3744 282 3809 isto
295 3738 391 3812 m‘odo
404 3772 442 3813 ne
458 3751 485 3813 si
499 3752 567 3815 avia
585 3753 710 3836 quidem
726 3755 791 3819 eius
803 3766 874 3817 nata
886 3774 951 3817 non
966 3758 1066 3818 esset!
1081 3756 1147 3819 Res
1159 3765 1239 3829 tota,
1259 3757 1427 3836 Torquate
1434 3754 1472 3831 ¹⁷,
1486 3775 1549 3816 non

293 3939 332 4002 (1)
352 3965 390 3978 -
418 3947 484 3988 stent
509 3938 578 3995 Cdd.
612 3941 678 4011 aliq.
697 3971 736 3985 -·
754 3940 814 3996 del:
826 3948 885 3997 sint
904 3960 969 3997 eum
990 3942 1063 3999 Gud.
1082 3961 1139 3998 sec.
1160 3944 1196 3998 G.
1247 3940 1342 4018 (1)-
1361 3958 1418 3998 om.
1438 3963 1498 3997 esse
1516 3943 1548 3996 V.

212 4010 299 4063 Grut.
321 4013 355 4065 D.
377 4021 402 4070 1.
424 4016 469 4067 ltr.
507 4010 544 4085 (³)
565 4034 579 4067 e
601 4016 669 4069 Cdd.
691 4016 726 4070 G.
748 4024 774 4071 2.
795 4047 831 4061 -—
851 4038 912 4070 cum
931 4037 1040 4089 summa
1059 4026 1118 4071 eius
1134 4019 1292 4091 philosophi
1310 4012 1449 4074 VsGrut.
1469 4021 1505 4074 D.
1519 4026 1547 4075 1.

122 4086 143 4121 ’π
216 4086 262 4138 Br.
281 4115 321 4127 ··-
339 4105 400 4139 cum
419 4096 558 4142 sententia
576 4098 635 4141 etus
649 4091 806 4164 philosophi
825 4097 854 4150 P.
876 4095 918 4147 Μ.
938 4096 969 4147 L.
1021 4094 1058 4169 (1)
1078 4125 1114 4140 -
1134 4111 1190 4148 om.
1212 4115 1231 4146 a
1251 4098 1282 4148 V.
1331 4093 1368 4169 (⁵)
1388 4112 1455 4148 cum
1479 4093 1546 4149 Cdd.

215 4164 261 4212 Cr.
283 4162 318 4215 G.
339 4169 365 4216 2.
385 4186 422 4241 ς
441 4163 513 4215 nihil
529 4183 602 4218 omn.
623 4167 663 4217 ad
679 4187 731 4218 nos
746 4176 819 4239 pert.
838 4172 867 4223 P.
888 4171 921 4222 V.
942 4171 984 4222 Μ.
1005 4171 1036 4223 L.
1060 4178 1084 4228 1.
1103 4190 1142 4225 z
1159 4170 1232 4222 nihil
1254 4171 1294 4222 ad
1311 4189 1363 4222 nos
1381 4189 1456 4225 omn.
1472 4178 1545 4243 pert.

214 4236 249 4287 D.
271 4241 326 4303 (-·
340 4255 396 4291 om.
417 4245 528 4291 omnino
549 4243 596 4294 Br.
614 4260 665 4294 err.
682 4249 804 4316 typogr.)
837 4243 880 4319 (θ)
900 4262 964 4296 cum
981 4245 1051 4298 Cdd.
1070 4248 1110 4298 Iu.
1128 4245 1164 4300 G.
1180 4253 1206 4300 2.
1219 4275 1257 4287 -·-
1271 4246 1426 4298 Hermachi
1444 4249 1544 4300 Ceteri.

147 4335 150 4343 ·
213 4310 251 4385 (7)
282 4330 346 4364 cum
375 4312 443 4367 Cdd.
474 4317 506 4368 V.
535 4319 567 4369 D.
595 4316 641 4370 Br.
663 4317 698 4371 G.
721 4326 746 4372 2.
768 4335 801 4362 -a-
822 4337 877 4372 om.
898 4327 1026 4391 qtcamois
1046 4322 1155 4389 Ceteri,
1175 4325 1259 4374 etiam
1281 4316 1310 4376 P.
1334 4322 1364 4375 L.
1385 4330 1411 4378 1.
1447 4322 1545 4397 Ι(11)-

98 4414 101 4419 -
213 4404 269 4439 om.
284 4405 342 4438 esse
356 4387 425 4443 Cdd.
440 4389 504 4461 aliq.
525 4393 555 4446 P.
575 4392 607 4443 V.
632 4392 680 4459 (ob
701 4390 798 4463 falsam
817 4395 984 4460 lectionem,
1005 4413 1089 4466 quam
1110 4397 1162 4448 hae
1182 4395 1328 4457 exhibent:
1348 4416 1428 4468 quem
1447 4416 1478 4449 se
1501 4397 1545 4448 ille

75 4503 98 4543 ᾗ,
121 4510 141 4539 χ
210 4464 274 4513 vesle
286 4463 408 4537 pistari.)
424 4465 459 4517 D.
480 4454 519 4522 1)
533 4464 574 4541 (91
592 4468 639 4519 sic
657 4468 725 4521 Cdd.
740 4469 804 4542 aliq.
819 4469 896 4523 boui.
914 4472 983 4537 (Erl.
1002 4471 1089 4545 Spir.)
1104 4472 1204 4543 Margo
1218 4472 1264 4525 Cr.
1275 4470 1309 4526 D.
1328 4473 1363 4526 G.
1381 4478 1545 4545 requiritur·

211 4555 264 4606 que
278 4538 346 4591 haec
359 4539 444 4599 lectio
455 4547 617 4612 praesertim
633 4558 647 4592 a
661 4561 718 4614 seq.
732 4545 937 4598 elindemmodi.
951 4577 989 4588 -
1001 4548 1220 4610 vereneidemne
1232 4546 1301 4600 Cdd.
1316 4547 1381 4619 aliq.
1391 4565 1431 4602 oo
1442 4565 1542 4601 verene

212 4616 242 4666 Ρ.
256 4613 289 4665 V.
309 4615 351 4667 Μ.
372 4615 403 4666 L.
425 4627 450 4672 1.
471 4618 518 4668 Br.
538 4623 563 4670 2.
604 4616 654 4691 (¹⁰)
673 4636 710 4672 Ν
731 4623 772 4671 At
791 4624 836 4674 Br.
857 4638 932 4694 susp.
971 4620 1021 4697 (11)
1041 4637 1145 4677 onom.
1160 4641 1241 4692 quiem
1254 4620 1323 4677 Cdd.
1337 4625 1403 4695 aliq.
1418 4626 1452 4677 D.
1464 4623 1541 4698 prob.

118 4684 122 4699 ‘
149 4724 151 4732 ι
212 4686 248 4741 G.
289 4690 342 4757 (¹2)
360 4718 399 4733 -·-
417 4698 450 4750 et
463 4692 494 4744 P.
513 4692 555 4744 M.
576 4694 608 4747 L.
648 4695 697 4761 (¹³)
719 4694 764 4748 Sic
784 4696 851 4749 Cdd.
873 4698 903 4752 P.
924 4697 955 4754 V.
976 4694 1018 4751 M.
1039 4698 1070 4750 L.
1091 4698 1126 4753 G.
1146 4703 1173 4753 2.
1191 4718 1230 4757 τ’.
1246 4697 1278 4748 id
1295 4701 1354 4752 scil.
1370 4701 1452 4754 Grut.
1466 4701 1501 4754 D.
1517 4708 1540 4756 1.

199 4765 256 4816 er.
305 4763 355 4829 (14)
385 4781 450 4815 cum
473 4764 545 4843 cdd.
578 4750 642 4841 attq.
668 4772 700 4824 r.
721 4771 767 4824 cr.
787 4772 819 4824 V.
839 4773 873 4826 o.
895 4773 942 4826 er.
964 4773 999 4829 G,
1020 4789 1058 4826 ss
1077 4774 1158 4825 vasu
1179 4775 1220 4827 rt.
1241 4776 1271 4825 L.
1294 4785 1319 4832 1.
1340 4781 1367 4831 2.
1407 4775 1457 4849 (1⁵)
1473 4790 1538 4843 ‚cum

210 4835 281 4891 Cdd.
308 4840 338 4890 P.
363 4837 399 4892 G.
420 4847 448 4893 2.
468 4861 505 4897 ·.·..-
523 4842 597 4895 nihil
613 4846 653 4897 ad
669 4865 722 4900 nos
737 4853 804 4917 post
822 4857 941 4899 mortem
957 4858 1031 4920 pert.
1053 4851 1098 4903 Cr.
1120 4854 1152 4903 V.
1172 4850 1213 4911 M.
1234 4851 1268 4902 D.
1288 4871 1326 4908 =
1345 4850 1418 4902 nihil
1433 4840 1474 4902 hd
1489 4852 1538 4902 noi

206 4920 281 4980 pert.
303 4921 371 4981 post
398 4922 518 4966 mortem
545 4919 626 4974 Grut.
655 4930 680 4979 1.
707 4925 753 4976 Br.
778 4937 817 4976 oo
844 4922 917 4975 nihil
940 4935 1059 4989 montem
1083 4924 1124 4975 nd
1148 4943 1199 4976 nos
1215 4934 1289 4995 pert.
1312 4928 1359 4990 L.‚
1381 4943 1411 4979 ut
1432 4930 1456 4994 0.
1475 4934 1535 4985 too-

199 4984 261 5052 ’(16)
275 5001 319 5040 ,se
339 5003 395 5037 om.
416 4997 444 5037 et
463 4988 503 5041 M.
526 4993 556 5046 L.
597 4974 705 5073 (171-
725 4997 881 5067 Torquate,
900 5007 946 5049 est
966 5000 1000 5054 G.
1021 5016 1095 5075 susp.
1117 5000 1237 5053 Melius:
1257 5017 1295 5053 os
1307 5002 1500 5057 'hominum'st.
