3252 5490
425 238 430 247 .
471 207 495 249 Χ

1513 356 1519 391 l

206 415 270 479 stt
427 412 495 513 DE
517 412 704 477 FINIBUS
727 405 964 479 BONORVM
985 410 1048 477 ET
1071 412 1321 480 MALORUM

315 488 322 525 Ι

205 579 227 622 a
246 556 341 623 nobis
358 552 494 640 intelligi
508 575 573 619 non
586 553 720 637 potest?
741 553 853 635 Quid?
874 554 902 617 si
915 552 1038 631 efficio,
1063 565 1099 616 ut
1112 553 1256 632 fateare,
1272 552 1330 619 'me
1349 578 1414 621 non
1431 554 1545 636 morlo,
1590 572 1593 581 ’

202 636 285 738 xquid
306 649 351 713 sit
369 650 539 731 voluptas,
564 649 667 725 seire,
691 651 755 729 (est
776 647 858 712 enim
881 648 1036 712 iucamdus
1053 660 1159 714 motus
1173 649 1210 713 in
1224 654 1419 730 sensu,)·scd
1433 652 1545 729 etiam,

205 746 286 831 quid
307 765 375 807 eam
398 755 434 806 tu
456 743 535 806 velis
557 744 653 807 esse?
686 746 789 807 'l'um¹
812 745 892 806 enim
916 764 983 806 eam
1005 743 1105 825 ipsam
1128 743 1195 820 vis,
1221 746 1315 828 quam
1337 750 1436 811 modo
1460 750 1547 832 cgo’

208 839 293 913 dixi3
316 849 349 900 et
369 839 506 902 nomen³
528 837 685 922 imponis,
707 839 738 903 iu
761 850 851 903 motu
874 851 908 902 ut
929 838 988 914 sit,
1013 850 1045 902 et
1065 837 1163 919 saciat
1185 840 1322 923 aliquam
1339 841 1547 915 mistaten:
1612 889 1613 892 ,

146 1000 149 1004 Α
205 931 387 999 tumeliam
410 933 565 1017 quandam
587 954 739 997 summam
770 934 987 1015 voluptatem,
1023 933 1074 998 cui
1104 933 1177 997 addi
1205 934 1282 997 nihil
1313 934 1437 1016 possit:
1479 957 1546 999 earn
1612 943 1613 972 1

206 1041 274 1095 tum
296 1030 426 1112 aelesse,
450 1049 547 1112 quum
568 1028 665 1091 dolor
686 1027 789 1092 omnis
809 1027 909 1104 absit,
935 1049 1067 1111 eamque
1083 1028 1225 1092 stabilem
1241 1030 1396 1110 appellas.
1424 1032 1482 1092 76.
1502 1030 1548 1092 Sit

206 1144 282 1186 saue
303 1121 362 1185 ista
386 1123 548 1204 voluptas.
592 1120 708 1187 Dicin
731 1121 847 1206 quovis
870 1132 1050 1198 conventu,
1081 1133 1113 1186 tc
1138 1123 1245 1187 omnia
1266 1123 1393 1200 facere,
1420 1146 1464 1186 ne
1489 1125 1547 1186 do·
1611 1194 1612 1203 χ

206 1217 287 1281 leae.
344 1215 378 1278 Si
400 1236 439 1278 nc
456 1217 545 1299 'host
566 1216 694 1300 quidem
716 1216 792 1280 satis
815 1216 938 1299 ample,
963 1215 1039 1279 satis
1060 1218 1193 1280 honeste
1215 1217 1278 1280 diei
1299 1231 1414 1300 putas3
1438 1219 1547 1282 dicte
1611 1208 1612 1213 ἵ

207 1308 313 1389 omnia
336 1321 367 1372 et
388 1310 421 1372 in
443 1310 506 1373 isto
530 1309 717 1394 magistratu
735 1310 812 1373 etin
828 1309 915 1374 omni
930 1309 994 1374 vita
1012 1310 1154 1374 utilitatis
1169 1324 1242 1376 tuae
1257 1333 1350 1375 eausa
1364 1312 1545 1388 facturum,
1611 1348 1612 1385 3

178 1405 284 1483 snihss
306 1404 368 1468 nisi
390 1405 478 1488 quod
499 1404 670 1486 expediat,
694 1402 774 1468 nihil
796 1405 931 1488 denique
953 1404 1013 1469 nisi
1035 1416 1089 1467 tua
1110 1426 1226 1469 causa:
1253 1428 1345 1490 sptem
1369 1408 1547 1471 clamorem
1611 1404 1612 1475 i

207 1498 390 1576 concionis,
425 1510 601 1582 aut'quam
632 1519 719 1579 spem
746 1500 930 1562 consulatus
953 1499 1039 1575 eius,
1074 1500 1129 1584 qni
1150 1500 1208 1563 tihi
1230 1501 1455 1583 paratissimus
1479 1515 1546 1581 est,

204 1595 345 1659 instruam
367 1591 485 1676 putes?
508 1595 628 1656 Eamne
650 1593 807 1656 rationem
829 1593 928 1676 igitur
952 1596 1118 1676 sequare⁵,
1144 1617 1206 1679 qua
1220 1607 1327 1666 tecum
1339 1595 1410 1676 ipse
1427 1608 1463 1659 et
1479 1617 1547 1658 cerm

206 1687 270 1751 tuis
292 1694 401 1762 ittam,
427 1687 575 1769 pnoliteri
598 1699 703 1751 erstem
726 1699 757 1750 et
778 1688 810 1750 in
832 1687 968 1750 medium
988 1687 1138 1770 prolerre
1154 1704 1219 1765 non
1235 1689 1375 1763 suadeas?
1399 1691 1547 1769 Atyero

206 1783 278 1859 illa,
304 1803 385 1866 qliae
407 1782 626 1864 Peripatetici,
651 1802 731 1866 quae
754 1780 857 1845 Stoici
878 1781 1002 1858 dicunt,
1026 1803 1154 1864 semper
1175 1782 1235 1846 tibi
1255 1783 1289 1846 in
1312 1804 1371 1847 ore
1393 1794 1494 1845 snut:
1517 1782 1547 1845 in

153 1916 157 1920 ,
206 1875 349 1951 iudiciis,
372 1874 404 1939 in
430 1888 558 1953 senatu,
583 1876 759 1965 efficium,
783 1876 1008 1961 nequitatem,
1032 1876 1260 1961 dignitatem,
1277 1877 1409 1954 sedem,
1436 1889 1546 1952 recto,

91 1971 97 1982 ’
208 1974 373 2045 honesta,
397 1972 504 2056 digna
518 1971 682 2054 imperio,
707 1972 816 2054 digna
826 1972 957 2053 populo
972 1973 1150 2047 Romano,
1174 1971 1293 2034 omnio
1303 1972 1470 2054 pericula
1479 1992 1547 2056 pro

207 2087 246 2128 re
260 2064 420 2148 publica,
445 2064 535 2128 mori
550 2087 619 2147 pro
636 2064 769 2147 patria.
815 2068 869 2127 77.
886 2065 975 2127 Haec
995 2086 1091 2150 quum
1115 2066 1276 2149 loqueris,
1301 2087 1361 2128 nos
1384 2065 1547 2129 baroucs⁶

206 2170 391 2240 stupemus:
414 2169 448 2221 tu
471 2159 619 2225 videlicet
640 2170 743 2223 tecum
764 2159 832 2242 ipsc
851 2159 949 2223 rides.
995 2161 1078 2223 Nam
1100 2159 1181 2223 inter
1205 2159 1265 2222 ista
1289 2171 1352 2222 tam
1368 2160 1547 2245 magnilica
1612 2163 1613 2238 .

206 2255 309 2326 verba
338 2264 467 2339 tamque
494 2255 659 2337 praeclara
687 2275 753 2337 non
781 2255 877 2318 habet
903 2254 1001 2317 ullum
1024 2255 1173 2336 voluptas
1195 2253 1324 2327 locum,
1357 2275 1425 2319 non
1449 2257 1545 2319 modo
1612 2297 1613 2328 ,

207 2345 281 2424 illa,
306 2370 399 2434 quam
422 2349 455 2412 in
476 2360 563 2413 motu
587 2370 657 2413 esse
681 2348 814 2428 dicitis7,
845 2370 938 2432 qtranr
962 2368 1070 2411 omues
1091 2348 1224 2423 urbani,
1257 2347 1386 2425 rustici,
1413 2369 1545 2424 omnes,

110 2451 113 2460 '
208 2440 356 2524 inquam,
381 2444 435 2528 qui
457 2444 572 2519 Latine
594 2444 789 2528 loquuntur,
814 2444 1013 2526 voluptatem
1031 2445 1250 2506 vocantssed
1264 2465 1304 2506 ne
1320 2443 1399 2506 hacc
1415 2443 1544 2528 quidem

206 2536 352 2614 stabilis,
377 2560 471 2622 quam
493 2550 704 2620 praeterens
727 2558 820 2601 nemo
844 2537 982 2619 appellat
1003 2535 1212 2618 voluptatem.
1252 2536 1254 2541 ’
1612 2619 1613 2624 ¹

294 2631 430 2695 XXIV.
455 2633 539 2694 Vide
560 2630 691 2717 igitur⁸,
715 2652 755 2694 ne
776 2652 841 2694 non
864 2630 1001 2695 debeas⁹
1024 2631 1131 2695 verbis
1154 2630 1273 2695 nostris
1289 2629 1354 2710 uti,
1378 2630 1544 2696 sententiis

208 2724 284 2788 tuis.
331 2727 428 2806 Quod
449 2726 477 2791 si
497 2726 621 2788 vultum
643 2723 720 2802 tibi,
744 2724 771 2788 si
792 2725 947 2789 incessum
966 2726 1125 2811 fingeres,
1151 2726 1368 2811 qnogravior
1383 2726 1545 2802 viderere,
1611 2722 1612 2809 ζ

79 2894 84 2912 ⁸
185 2838 274 2884 *non
297 2838 382 2883 esses
404 2806 450 2883 tiri
472 2816 601 2884 similist
639 2822 738 2885 verba
762 2831 796 2883 tu
817 2820 941 2906 fingas,
970 2831 1001 2883 et
1023 2842 1060 2884 ca
1082 2821 1187 2897 dicas,
1212 2841 1294 2904 miae
1316 2842 1383 2884 non
1405 2820 1544 2896 sentias,
1611 2816 1612 2881 l

206 2926 262 2977 aut
291 2911 404 2989 eham,
435 2926 471 2977 ut
499 2915 648 2978 vestitum
658 2917 698 2989 11,
728 2913 775 2978 sic
804 2913 992 2978 seutentiam
1019 2915 1157 2989 habeas,
1189 2914 1280 2991 aliam
1315 2904 1544 2988 domesticam,
1611 2910 1612 2965 ἐ

209 3009 303 3072 aliam
330 3010 510 3086 forensem,
546 3020 581 3072 ut
609 3008 641 3071 in
669 3009 777 3073 fronte
801 3006 973 3073 ostentatio
994 3008 1053 3083 sit,
1089 3008 1173 3077 intus
1197 3009 1314 3072 veritas
1338 3007 1545 3073 occultetur?

145 3102 147 3106 '
209 3102 314 3179 Vide,
338 3124 482 3189 quaeso,
513 3113 679 3166 rectumne
700 3102 755 3166 sit.
810 3101 896 3167 Mihi
918 3102 1043 3185 quidem
1065 3107 1159 3166 eae¹¹
1182 3125 1278 3167 verae
1300 3102 1451 3166 videntur
1475 3101 1545 3186 opi·
1586 3104 1612 3163 J

208 3198 341 3273 niones,
366 3219 449 3282 quase
465 3197 637 3275 honestae,
663 3218 743 3283 quae
758 3197 949 3273 laudabiles,
974 3216 1055 3281 quac
1072 3197 1254 3280 gloriosae,
1277 3218 1358 3283 quae
1372 3196 1402 3260 in
1414 3195 1545 3272 senatu,
1611 3276 1612 3291 χ

209 3311 292 3374 quae
322 3294 407 3376 apud
433 3292 609 3375 populum,
646 3312 727 3377 quae
757 3291 788 3354 in
819 3291 904 3356 omni
933 3304 1028 3356 coetu
1058 3291 1260 3377 concilioque
1294 3290 1512 3374 proferendae
1523 3292 1545 3330 11
1611 3350 1612 3367 ,

207 3385 325 3451 siut¹³z
358 3406 396 3448 ne
418 3385 452 3448 id
473 3397 536 3449 non
559 3388 677 3468 pudeat
698 3385 832 3461 sentire,
867 3374 957 3469 qnhd
977 3388 1093 3466 pudeat
1115 3385 1233 3450 dicere.
1292 3387 1347 3455 78.
1373 3384 1544 3449 Amicitiae

164 3560 168 3564 ·
207 3496 290 3553 uero
303 3480 456 3555 locusubi
472 3500 541 3544 esse
551 3492 676 3562 potest,
694 3491 747 3542 snt
761 3480 831 3565 quis
846 3482 1041 3543 amicusetse
1051 3479 1245 3563 14cuiquam,
1263 3502 1355 3563 quiem
1368 3501 1434 3543 non
1442 3479 1544 3561 ipsum
1611 3518 1612 3555 .

189 3583 295 3635 amet
315 3583 452 3654 propter
473 3573 603 3656 ipsum?
633 3571 709 3657 quid
731 3585 832 3649 aretem
842 3575 869 3614 ¹⁵
892 3585 941 3659 est
962 3593 1087 3650 amare,
1113 3574 1166 3636 0¹⁶
1188 3596 1254 3658 quo
1277 3593 1393 3638 nomeu
1417 3575 1544 3635 ductum
1611 3578 1612 3583 ’

148 3736 153 3749 ,
208 3664 405 3731 amicitiast.
421 3679 488 3742 est,
513 3666 572 3733 nisi
594 3668 676 3730 velle
697 3667 791 3730 bonis
814 3667 950 3750 aliquem
966 3667 1046 3730 aflici
1061 3687 1154 3750 quam
1172 3666 1329 3743 maximis,
1354 3666 1448 3731 etiam
1465 3664 1546 3730 sind
1611 3720 1612 3723 ,

210 3778 244 3823 se
263 3760 342 3823 nihil
359 3783 401 3824 ex
415 3761 487 3851 iis}8
502 3759 635 3824 redeat?
649 3795 690 3809 -·
706 3763 750 3824 Et
763 3761 888 3846 quidem
898 3760 925 3802 ¹⁹
943 3764 1094 3842 prodest,
1116 3760 1266 3847 inquit20,
1289 3760 1364 3825 mihi
1381 3761 1456 3824 eo21
1478 3779 1545 3824 esse

283 3944 323 4018 (1)
340 3957 380 3998 ω
398 3953 430 3996 tu
449 3950 483 4001 V.
502 3949 605 4001 Rursus
625 3946 693 3999 Ern.
711 3944 742 4002 (⁴).
762 3975 799 3989 -·
817 3962 901 4017 parum
921 3945 963 3997 L:
998 3947 1036 4015 (2)
1064 3947 1159 4014 Quum
1185 3949 1292 4001 νωτίσαι
1308 3941 1381 4001 Edd-
1407 3948 1439 3997 in
1469 3948 1543 4017 posi-

207 4036 272 4075 tura
290 4040 316 4073 v.
335 4021 417 4072 modo
436 4040 490 4090 ego
511 4024 546 4076 G.
567 4020 597 4076 (2.
617 4036 645 4074 et
666 4021 732 4075 Seh.
752 4029 777 4078 2.
798 4036 829 4073 ea
850 4018 1019 4075 deleverunt.
1057 4021 1094 4088 (³)
1114 4050 1151 4062 -
1171 4026 1237 4073 etei
1249 4039 1277 4093 n.
1292 4022 1324 4094 L.
1362 4019 1399 4086 (1)
1419 4048 1456 4061 -
1476 4019 1541 4073 haee

208 4099 243 4149 V.
290 4096 328 4164 (⁵)
353 4113 420 4148 cum
447 4095 515 4151 edd.
543 4099 578 4150 G.
605 4101 631 4150 2.
656 4102 694 4155 'z
719 4114 816 4151 eamne
841 4101 932 4164 igitur
951 4114 976 4149 r.
995 4115 1018 4148 r.
1039 4114 1055 4149 e
1074 4095 1143 4150 Cdd.
1162 4097 1211 4151 Be.
1230 4094 1268 4140 -έ-
1286 4114 1383 4149 eamne
1403 4100 1543 4147 rationem

206 4177 299 4240 igitur
317 4190 431 4243 sequere
451 4190 466 4224 e
487 4170 611 4227 Cdd.'D.
631 4202 668 4215 -
687 4191 783 4225 eamne
802 4177 942 4229 rationem
960 4189 1076 4245 repetere
1095 4176 1129 4227 P.
1146 4172 1179 4225 V.
1195 4174 1237 4227 M.
1250 4174 1286 4226 L.
1297 4179 1322 4228 t.
1360 4170 1398 4237 (⁶)
1411 4171 1461 4227 sis
1475 4168 1544 4225 Gdd.

118 4304 120 4311 ¹
204 4247 304 4321 pleriq.
332 4249 363 4302 P.
390 4249 422 4300 V.
449 4248 492 4302 Μ.
518 4248 555 4302 D.
582 4248 664 4320 Seqq.
689 4278 728 4292 ·-
751 4265 875 4300 varanes
900 4244 933 4300 L.
953 4276 992 4291 -
1016 4265 1156 4301 varrones
1174 4245 1245 4301 Cdd.
1262 4245 1330 4319 aliq.
1370 4248 1408 4314 (⁷)
1428 4272 1469 4289 -ι-
1487 4263 1541 4299 om.

206 4341 290 4395 pesam
308 4355 327 4367 -
346 4355 366 4367 -
384 4322 479 4375 dicitis
497 4323 541 4381 El.
562 4329 645 4395 prim.
667 4323 745 4396 prob.
765 4326 801 4378 D.
853 4324 893 4390 (⁸)
916 4338 980 4375 oum
1002 4321 1072 4379 Cdd.
1092 4325 1127 4376 D.
1147 4324 1195 4379 Bc.
1215 4323 1250 4377 G.
1272 4329 1298 4377 2.
1318 4351 1355 4365 -·
1374 4340 1432 4376 om.
1453 4327 1542 4392 igitir
1611 4344 1612 4347 ¹

50 4426 54 4433 .
154 4454 162 4460 ,
207 4399 318 4467 Ceteri,
344 4403 429 4452 etiam
458 4407 483 4458 1.
534 4398 573 4472 (11)
593 4399 757 4457 -dubites
776 4397 827 4454 ed.
847 4401 909 4452 Mo.
955 4397 1063 4467 (10)-
1081 4405 1189 4450 vestem
1208 4399 1240 4455 L.
1261 4403 1292 4453 in
1311 4414 1350 4453 m·
1372 4402 1455 4459 atah
1475 4390 1544 4465 (uhu

87 4499 93 4509 ·
207 4476 305 4541 1566.)
354 4476 405 4542 (11)
432 4503 469 4517 -
493 4473 546 4527 Iros
566 4476 596 4528 P.
617 4476 649 4528 V.
666 4476 705 4547 [D.
724 4477 760 4531 G.
780 4481 807 4530 2.
856 4475 909 4540 (11)
927 4502 966 4517 -
980 4471 1162 4546 profitendae
1181 4491 1245 4527 cum
1266 4471 1336 4528 edd.
1357 4473 1421 4546 aliq.
1442 4473 1542 4543 (etiam
1611 4490 1612 4493 ¹

108 4596 113 4605 .
205 4551 283 4619 Mo.)
305 4551 341 4604 D.
393 4550 503 4615 (11)-
520 4557 587 4613 stent
605 4569 621 4603 e
641 4548 712 4603 cdd.
732 4551 767 4604 G.
790 4555 816 4605 2.
837 4552 906 4618 (non
925 4551 974 4614 Β..
994 4565 1025 4604 ut
1046 4555 1085 4604 ait
1105 4550 1184 4614 sch.)
1223 4549 1276 4622 (tt)
1298 4566 1408 4603 -om.
1429 4568 1490 4602 esse
1509 4548 1542 4603 G.

145 4671 159 4688 χ
204 4625 257 4698 (15)
277 4641 316 4681 oo
334 4630 409 4678 enim
428 4623 462 4677 de
482 4629 517 4680 D.
539 4642 614 4698 susp.
634 4628 681 4679 Br.
720 4624 934 4692 (1⁶)=csP.
956 4628 997 4681 Μ.
1018 4627 1049 4679 L.
1089 4626 1141 4692 (¹⁷)
1162 4625 1210 4679 Sic
1231 4626 1313 4681 Grut.
1336 4635 1361 4684 1.
1382 4628 1445 4690 sn,
1464 4629 1543 4688 item,

204 4716 236 4754 ut
255 4699 381 4765 videtur,
416 4699 488 4755 Cdd.
513 4700 684 4762 Goerensli,
717 4704 781 4754 etsi·
796 4705 856 4774 ipse
882 4698 970 4755 edtdit
989 4716 1030 4756 :2
1052 4709 1097 4752 eat
1115 4707 1267 4755 amicitiae.
1286 4716 1323 4752 τ.-
1342 4705 1541 4755 ηοωειιωιιέ.

167 4802 172 4821 ι
206 4775 321 4831 dietum
345 4785 388 4828 ast
413 4774 482 4830 Cdd.
507 4774 653 4832 mutate.
672 4777 705 4830 V.
724 4777 767 4830 M.
793 4777 827 4830 L.
851 4777 887 4829 D.
907 4805 944 4821 -ι-
963 4795 1036 4830 raom.
1057 4782 1138 4831 annio.
1159 4776 1272 4830 dautran
1291 4790 1349 4833 om.
1367 4786 1411 4829 ert
1431 4777 1496 4831 soh.
1515 4781 1539 4829 2.

205 4850 258 4923 (¹⁸)
278 4870 293 4904 e
313 4849 381 4908 Cdd.
404 4848 441 4905 G.
462 4857 488 4906 2.
508 4850 557 4906 sed
577 4850 630 4905 lna.
650 4876 687 4895 -ο
707 4869 745 4902 ex
763 4850 898 4905 laianihil
913 4852 945 4904 V.
966 4881 1003 4899 -
1021 4871 1058 4903 ea·
1081 4858 1117 4904 iis
1143 4872 1172 4907 n.
1199 4855 1231 4908 Ρ.
1257 4855 1299 4908 Μ.
1325 4854 1357 4908 L.
1384 4855 1417 4906 C.
1443 4861 1469 4909 t.
1496 4850 1539 4903 Be.

206 4925 258 4999 (¹⁹)
277 4955 314 4976 -ι-
334 4944 391 4980 om.
411 4926 520 4995 quidm
540 4926 609 4980 cdd.
631 4926 747 4999 sltq..P.
766 4928 871 4981 ent).
892 4957 928 4970 ·-
947 4927 1043 4997 Quid?
1059 4929 1177 4998 prodest
1196 4931 1229 4982 V.
1249 4958 1288 4971 -
1305 4926 1416 4998 Ecquid
1429 4925 1538 4998 prodest
1613 4956 1614 4977 t

207 5000 249 5063 Μ.
288 5002 338 5068 (111)
358 5019 373 5054 e
392 4999 462 5057 cdd.
481 5001 519 5055 D.
537 5003 585 5057 Bt.
607 5003 641 5058 G.
661 5019 700 5057 co
718 5002 940 5074 reprimerent,
960 5009 1045 5058 eriam
1066 5005 1098 5059 V.
1118 5007 1149 5059 t.
1171 5004 1238 5086 Sola·
1255 5011 1281 5061 2.
1308 5002 1548 5078 (11)-ἰηεο7.
1613 5006 1614 5075 ᾗ

921 5282 937 5323 Ιἱ

747 5319 767 5403 ll
791 5342 795 5353 =
900 5338 907 5373 Ι
