3226 5488
196 366 259 431 dli)
754 366 965 435 ntouttntt
994 312 997 321 ⁴

193 531 266 575 rum
283 506 436 593 integram
462 507 526 569 hnc
543 508 687 571 traducta
706 505 848 573 inierunt.
892 507 996 589 Quam
1015 528 1083 571 rem
1106 527 1149 572 ex
1169 507 1279 571 veteri
1298 505 1444 592 quodam
1465 523 1530 565 ma·
1595 562 1596 609 t

196 603 363 686 nuneripto
378 602 491 665 codiee
509 600 603 666 facile
618 600 838 665 anirnadrerti.
882 601 922 665 In
940 622 982 665 eo
1000 600 1083 665 enim
1102 621 1166 664 non
1186 611 1307 663 tantum
1328 601 1411 660 haec
1431 598 1533 658 verba
1595 648 1596 683 ᾗ

196 710 285 765 erant
315 696 493 778 adscripta,
529 698 635 759 sedet
661 696 719 759 alia
749 716 815 760 non
842 716 966 777 pauca,
997 717 1038 758 ex
1063 696 1176 758 eodem
1199 692 1347 759 inferiori
1368 692 1451 754 loeo
1472 691 1532 750 de·
1595 688 1596 711 ¹

195 804 331 873 sumpta.
377 791 430 853 Sie
460 788 543 853 enim
572 788 638 854 illie
655 789 791 874 legitur:
816 791 923 862 „Nam
942 801 1014 853 ante
1037 788 1244 871 Aristippus,
1268 798 1302 851 et
1319 785 1377 849 ille
1401 782 1532 847 melius.
1595 800 1596 807 ¹

195 885 322 951 Etenim
349 882 499 966 qisoniam
518 883 667 945 detractis
690 885 730 945 de
749 881 875 946 homine
893 883 1039 946 sensibus
1059 881 1175 965 reliqui
1196 880 1275 945 nihil
1296 895 1370 958 est,
1396 897 1533 942 necesse
1595 892 1596 955 5

197 989 247 1043 est
269 977 344 1062 quid
367 979 406 1038 ad
428 988 570 1041 naturam
595 985 650 1038 aut
667 988 781 1039 eontra
806 976 866 1052 sit,
900 999 916 1040 a
940 988 1051 1040 natura
1073 977 1142 1059 ipsa
1165 975 1297 1039 iudicari
1317 988 1350 1038 et
1374 983 1534 1054 expeten-

197 1076 266 1135 dam
290 1083 322 1133 et
344 1071 488 1133 dolorem
508 1071 610 1150 ipsum
628 1089 689 1151 per
712 1090 746 1132 se
768 1089 850 1132 esse.
894 1070 1054 1134 Addidisti
1074 1075 1114 1133 sd
1135 1081 1310 1132 extremum
1335 1067 1428 1130 eet.”
1469 1066 1596 1126 Nee
1595 1054 1596 1157 7

197 1176 286 1229 certe
308 1175 398 1226 antea
422 1162 640 1231 dubitaveram
659 1165 758 1226 rerba
777 1162 829 1225 illa
847 1185 916 1227 esse
939 1166 1170 1249 expungenda,
1193 1167 1282 1247 quod
1299 1161 1383 1225 nihil
1406 1160 1536 1223 adrem
1595 1160 1596 1227 l

99 1319 103 1331 ,
194 1258 356 1333 facerent,
391 1268 422 1319 et
449 1255 487 1318 iis
509 1254 655 1325 sublatis
669 1254 792 1340 integra
814 1270 955 1322 maneret
984 1258 1156 1334 sententia,
1191 1256 1223 1320 in
1257 1260 1342 1320 hisne
1377 1254 1534 1316 modum:

196 1355 300 1429 „Nam
330 1362 402 1414 ante
431 1349 638 1431 Aristippus,
673 1361 706 1412 et
734 1350 787 1414 ille
817 1352 942 1417 melius.
986 1352 1147 1416 Addidisti
1170 1354 1210 1414 ad
1231 1363 1416 1414 extremum
1443 1346 1538 1409 etiam
1595 1360 1596 1409 t

189 1447 356 1512 indoctum
369 1443 504 1509 luissel'
547 1443 690 1507 Librarii
703 1455 738 1507 ιιι
752 1448 1030 1510 accommodarent
1050 1447 1148 1509 rerba
1164 1465 1221 1521 ea,
1245 1444 1298 1509 alii
1315 1442 1414 1507 aliter
1442 1453 1538 1524 atque
1595 1418 1596 1499 l

153 1533 287 1606 aliter
309 1551 525 1603 mutaverunt
1079 1588 1085 1602 ,

283 1635 399 1699 Paullo
417 1654 531 1715 supra,
556 1631 611 1695 ubi
639 1630 778 1697 Codices
802 1634 913 1698 excusi
934 1636 1074 1698 habent:
1108 1586 1203 1708 „Nisi
1224 1605 1254 1698 u
1282 1652 1423 1718 qnoque
1446 1641 1487 1692 ut
1509 1627 1540 1688 id
1595 1710 1596 1715 η

134 1740 138 1751 ’
196 1732 293 1795 modo
310 1726 526 1813 loqueretur''
550 1726 783 1809 manuscriptus
805 1726 940 1792 habet:
945 1728 1027 1802 „nisi
1049 1743 1080 1794 te
1095 1747 1225 1814 quoque
1243 1739 1278 1793 ιιι
1296 1729 1401 1790 inodo
1421 1726 1540 1808 loque·

195 1822 322 1891 retur.''
366 1819 557 1886 Basileensis
577 1842 716 1904 margo:
746 1843 828 1895 .ιιιιι
843 1835 892 1900 te,
917 1845 1049 1907 quoquo
1073 1826 1169 1888 inodo
1190 1819 1412 1908 loqueretur”
1418 1835 1540 1902 ,quae

196 1940 274 1985 vera
295 1915 392 1979 lectio
415 1916 551 1979 videtur.
1595 1922 1596 1983 ζ

282 2018 333 2088 7.
337 2011 390 2074 77.
413 2010 645 2093 Quamobrem
677 2009 933 2093 disserentium]
969 2032 1081 2095 pro„
1089 2007 1337 2075 disserentium”
1369 2006 1408 2070 in
1435 2002 1540 2068 veteri
1595 2054 1596 2099 t

198 2106 320 2173 Codice
342 2117 419 2177 est,
420 2103 720 2176 ,dissentientium''

266 2204 314 2276 ’7.
337 2199 389 2260 30.
414 2199 448 2261 Α
463 2208 593 2259 natura
609 2197 686 2279 ipsu
706 2197 870 2280 iudicari]
894 2201 974 2275 Post
994 2203 1073 2265 haee
1094 2166 1194 2264 verba
1216 2196 1361 2267 nonnulli
1392 2193 1538 2258 Codices

196 2294 316 2356 habent
346 2301 567 2373 praeterea‚,
568 2290 780 2370 ,voltrptatem
814 2304 847 2357 et
868 2316 927 2400 per
945 2317 979 2359 se
1001 2297 1208 2377 expetendam
1231 2312 1301 2357 esse
1325 2303 1359 2352 et
1383 2290 1539 2354 dolorem

196 2387 298 2469 ipsi-rm
321 2405 380 2467 per
402 2405 435 2447 se
456 2405 525 2447 esse
542 2382 757 2467 fugiendum'
761 2432 770 2460 ‚
794 2409 877 2471 uuae
897 2389 945 2452 vir
968 2390 1167 2454 doetissimus
1192 2385 1402 2452 Camerarius
1428 2381 1539 2446 srsbdi·

196 2481 271 2545 tiela
283 2490 390 2561 putat:
415 2490 445 2542 et
464 2488 552 2540 certe
571 2478 603 2539 in
626 2477 731 2541 veteri
741 2479 886 2555 Codice,
912 2503 977 2566 quo
998 2483 1189 2553 insistimus,
1216 2501 1277 2553 non
1296 2478 1537 2559 reperiuntur:

197 2573 322 2639 tarnetsi
340 2572 372 2636 in
391 2593 431 2637 eo
451 2573 546 2645 loeo,
583 2592 677 2655 quem
698 2573 772 2635 hine
797 2577 975 2641 traductum
999 2578 1146 2657 superius
1172 2576 1256 2652 dixi,
1287 2574 1357 2636 eius
1383 2571 1536 2635 lectionis

199 2667 336 2750 vestigia
355 2677 542 2749 appareant.
587 2666 637 2729 Ita
668 2667 748 2729 enim
781 2668 968 2752 legebatur:
1003 2669 1168 2747 „Iudieeri
1190 2679 1223 2731 et
1241 2670 1486 2749 expetendam,
1509 2676 1536 2727 et

128 2770 130 2779 ¹
197 2760 374 2827 dolorem
364 2782 468 2842 ipsum
492 2781 551 2841 per
573 2781 606 2823 se
628 2762 731 2824 esse.'’
777 2762 874 2843 Quod
895 2763 988 2827 etiam
1011 2775 1153 2830 nostram
1171 2762 1337 2827 confirmat
1359 2763 1402 2822 de
1425 2761 1535 2823 tradu-

129 2866 141 2889 ‘
197 2858 257 2921 etis
278 2856 386 2923 verbis
406 2854 605 2918 sententiani.

281 2955 312 3027 §.
337 2949 391 3012 37.
414 2951 489 3014 Nee
515 2970 567 3011 me
590 2961 768 3017 tamene-
789 2952 994 3036 corrupisti]
1017 2952 1258 3034 Manuseriptus
1282 2949 1402 3015 Codex
1438 2951 1535 3015 habet

196 3042 420 3125 „corripuisti’
424 3041 542 3126 ’qnod
574 3043 667 3105 etiarn
692 3044 842 3109 Germani
864 3047 1066 3119 adnotarunt.
1126 3049 1267 3131 Vulgata
1297 3057 1412 3107 tamen
1436 3044 1533 3108 lectio

197 3160 274 3203 vera
297 3137 436 3201 videtur.
480 3135 588 3199 Libro
607 3138 687 3199 enim
707 3142 884 3216 secundo,
891 3141 963 3217 ubi,
989 3165 1071 3227 quae
1090 3143 1142 3207 hie
1158 3142 1408 3213 confirmantur,
1438 3137 1533 3202 refel-

196 3232 324 3309 luntur,
354 3230 446 3295 huius
467 3230 532 3295 loci
558 3231 600 3294 ita
623 3233 740 3296 mentio
761 3231 816 3297 fit:
851 3235 1031 3325 .777777707
1053 3238 1153 3314 enim,
1184 3254 1377 3323 qumquam
1399 3243 1437 3296 te
1473 3252 1532 3294 non

197 3347 352 3410 possum,
371 3336 406 3386 ut
424 3323 489 3401 ais,
514 3345 741 3408 corrumpere,
767 3282 1079 3417 deleelor,1nquam
1101 3331 1185 3394 777.”

281 3424 402 3504 Itaque
424 3418 620 3498 turbentur]
643 3421 736 3495 Alii,
737 3425 908 3496 ,’turbent'
925 3430 1013 3510 quod
1033 3429 1150 3516 probat
1167 3422 1392 3491 Camerarius·
1384 3423 1531 3523 sieque

196 3513 293 3590 habet
316 3511 547 3594 manuscriptus
571 3513 700 3578 Codex.

282 3612 313 3684 §.
337 3607 390 3668 38
413 3607 516 3689 Quod
535 3607 739 3691 qseiinudam
762 3613 911 3676 medium
932 3614 1066 3678 videtur
1087 3647 1129 3658 -
1150 3615 1258 3692 earet)
1280 3612 1386 3675 Vetus
1412 3611 1530 3683 Codex

196 3701 311 3763 habet:
336 3700 459 3781 ..Quod
472 3701 657 3787 quibusdam
674 3706 809 3769 medium
827 3706 970 3785 videtur,
997 3708 1081 3773 omni
1099 3708 1213 3772 dolore
1232 3716 1369 3768 careret.
1418 3707 1456 3771 Si
1471 3728 1530 3790 pro
1595 3688 1596 3765 l

196 3804 366 3870 „ear-eret,
390 3815 498 3861 carere
508 3795 526 3818 '’
545 3797 653 3881 legas,
678 3819 717 3861 ea
736 3820 812 3863 vera
830 3800 926 3877 lectio
945 3822 1014 3866 esse
1030 3803 1174 3867 videtur:
1197 3848 1212 3873 ,ι
1222 3800 1317 3881 Quod
1336 3801 1529 3884 quibusdam

197 3888 332 3951 medium
357 3888 503 3964 videtur,
529 3890 613 3954 omni
636 3893 750 3957 dolore
771 3915 893 3957 carere.

184 4032 186 4040 .
282 3983 387 4049 Omni
411 3994 527 4046 nutem
547 3985 743 4067 priuatione
768 3978 914 4094 doloris]
949 3990 1062 4054 Verba
1085 3987 1220 4070 Epicuri
1252 3985 1378 4067 παντὸς
1407 3978 1451 4054 τὸ
1473 3984 1528 4057 dl·
1595 4028 1596 4065 ι

197 4076 336 4162 ’γοῦντος
356 4075 516 4153 indicant,
547 4076 600 4140 hie
628 4100 731 4161 pro„
740 4080 828 4145 omni
853 4095 956 4146 autem
977 4082 1158 4166 privatione
1181 4081 1331 4196 doloris”
1355 4083 1527 4167 legendum
1595 4074 1596 4159 l

197 4190 286 4234 ease:
311 4171 435 4244 „omnis
457 4182 561 4234 aretem
580 4174 763 4254 privatione
781 4176 940 4240 (7770777.Η
1555 4236 1557 4240 1
1595 4166 1596 4191 ¹

234 4266 313 4341 7
337 4265 390 4327 77.
413 4267 524 4330 Nulla
540 4269 735 4349 praeterita
756 4291 816 4332 nee
834 4272 1027 4354 praesenti]
1050 4273 1090 4336 In
1112 4270 1215 4337 veteri
1233 4271 1356 4337 Codice
1371 4270 1527 4353 seriptum
1595 4262 1596 4269 ¹

185 4322 268 4421 7777
287 4359 395 4432 ‚mulla
414 4371 583 4441 praeterea
601 4382 660 4424 nee
674 4363 860 4444 praesenti''
874 4386 882 4438 ;
905 4365 998 4427 etita
1019 4363 1155 4431 Codices
1174 4366 1410 4428 Germanorum
1429 4365 1528 4426 adno·
1547 4422 1548 4431 ,
1595 4384 1596 4389 ’

195 4464 294 4526 tatum
314 4453 445 4516 habeut.
506 4455 607 4534 Quam
630 4478 739 4519 veram
762 4476 832 4520 esse
853 4459 1023 4522 lectionem
1045 4458 1215 4534 fatebitur,
1240 4458 1296 4544 qui
1314 4459 1399 4520 hisne
1422 4459 1527 4522 locum

195 4545 301 4610 Libro
331 4546 380 4608 ΙΙ.
403 4546 572 4628 repetitum
589 4549 724 4631 legerit.
780 4551 833 4613 Sie
854 4551 935 4614 enim
955 4553 1070 4615 habet:
1108 4554 1177 4625 „At
1205 4573 1299 4634 quun
1322 4551 1461 4631 pulchre
1482 4549 1526 4613 di·

196 4658 269 4702 eere
291 4639 462 4716 videbare,
498 4657 592 4723 quum
616 4664 657 4705 ex
679 4644 886 4726 alteraparte
909 4648 1053 4728 ponebas
1078 4646 1268 4709 cumulatum
1291 4645 1429 4728 aliquem
1456 4645 1527 4726 plu·
1595 4676 1596 4685 ι

195 4730 282 4799 rimis
302 4743 333 4793 et
357 4733 500 4796 riiaximis
526 4735 760 4817 voluptatibus,
792 4739 879 4817 nullo
906 4760 965 4802 nee
986 4739 1147 4821 praesenti
1171 4760 1230 4802 nee
1245 4739 1362 4802 futuro
1390 4739 1520 4802 dolore:
1595 4742 1596 4799 ζ

194 4845 237 4893 ex
259 4825 358 4887 altera
379 4838 482 4888 erstem
502 4829 695 4893 eruciatibus
717 4830 804 4894 eet.’'
848 4832 951 4896 Vides
970 4832 1127 4910 nihilillie
1149 4835 1401 4916 depraeterito,
1425 4849 1520 4917 qrsare
1595 4824 1596 4845 ³

175 4930 178 4938 “
197 4937 260 4999 pso
283 4917 476 5013 „praeterita
492 4948 531 4964 ··-
554 4924 750 5004 praeterea''
764 4917 930 5010 legamus}
