3288 5490
118 386 182 479 gs
294 332 298 347 ¹
338 335 371 385 ⁸
472 334 905 495 'nannetodorum
928 377 1153 455 estonum

74 524 77 532 ¹
159 539 227 597 tnm
254 525 481 612 philosophiae
511 527 633 595 deditus
661 528 741 605 suit,
777 551 890 613 quam,
923 529 978 615 qui
1000 522 1324 617 illumig'norabant,
1364 538 1504 607 arbitra·

82 674 85 689 .
161 626 295 693 bantur:
334 644 394 691 nec
418 646 497 688 vero
519 625 774 687 ineunte-aetate
797 625 919 700 solnm,
945 627 1001 688 sed
1023 637 1055 688 et
1076 647 1138 707 pro
1162 630 1355 710 quaestore¹
1378 627 1508 709 aliquot
1595 638 1599 645 “

162 719 291 796 annos,
306 730 336 782 et
358 718 391 787 iu
413 719 505 801 ipso²
527 719 633 792 hello;
655 717 688 783 in
711 740 776 803 quo
797 718 843 781 ita
866 740 977 804 magna
1001 718 1050 783 rei
1071 719 1215 783 militaris
1235 742 1304 784 esse
1327 719 1500 803 occupatio

163 815 263 889 solet„
302 823 338 875 ut
368 835 434 877 non
463 813 597 881 multum
625 812 814 894 imperatori
840 815 900 876 suh
929 813 1006 896 ipsis
1037 815 1174 897 pellibus
1206 815 1266 879 otii
1286 816 1502 900 relinquatur.

79 991 81 994 Α
164 908 272 987 Quum
299 919 400 970 autem
426 930 442 970 e
473 906 673 990 philosophis
702 907 834 992 ingenio
872 907 1067 993 scientiaque
1100 919 1268 991 putaretur
1298 910 1500 985 Antiochus,

95 1010 98 1023 '
161 1002 307 1077 Philonis
339 996 486 1076 auditor,
521 1001 696 1077 excellere,
736 1023 807 1067 eum
837 1022 944 1065 secum
975 1014 1007 1065 et
1029 1015 1181 1087 quaestor
1204 1003 1335 1080 hahuit,
1372 1008 1503 1087 etpost

162 1099 287 1180 aliquot
301 1119 422 1171 annon,
445 1095 640 1177 imperatore
665 1117 825 1180 quumque
842 1108 925 1159 esset
940 1118 976 1163 ea
995 1097 1167 1172 memoria,
1193 1099 1309 1181 quam³
1325 1109 1404 1165 ante,
1418 1098 1498 1173 dixi,
1551 1089 1563 1119 ¹

115 1264 117 1271 .
163 1214 199 1255 ea
230 1186 324 1275 saepe
354 1192 509 1256 audiendo
536 1189 632 1261 facile
662 1189 836 1275 cognovit,
873 1212 953 1274 quae
982 1192 1034 1254 vel
1064 1192 1162 1255 semel
1193 1190 1298 1254 audita
1321 1192 1511 1257 meminisse

163 1286 334 1369 potuisset.
387 1278 618 1352 Delectabatur
645 1297 751 1349 autem
780 1276 913 1347 inirifice
941 1285 1078 1349 lectione
1107 1286 1285 1363 librorum,
1320 1288 1499 1372 dequibus
1567 1297 1570 1302 “

164 1380 345 1450 seruiebat,
370 1379 402 1448 5.
425 1380 498 1442 Ac⁵
521 1399 639 1448 vereor
660 1381 838 1459 interdum,
862 1381 1030 1445 natalium
1052 1403 1285 1463 personarum,
1311 1403 1407 1464 quum
1431 1404 1500 1445 am·
1545 1390 1548 1407 '
1604 1415 1607 1421 ·

163 1476 307 1558 plificare
330 1472 443 1549 velim,
467 1462 626 1541 minuam'ss
648 1464 740 1536 etiarn
764 1468 914 1558 gloriam.
938 1475 1018 1538 Sunt
1039 1475 1121 1538 enim
1138 1477 1247 1550 multi,
1267 1462 1329 1560 'qui
1344 1477 1499 1540 omnino⁷

102 1615 110 1620 -
152 1561 307 1638 ¹Graecas
329 1590 395 1632 non
417 1568 542 1631 ament⁸
564 1558 689 1644 literam
712 1570 841 1651 plures,
866 1569 922 1653 qui
944 1569 1202 1651 philosophiam:
1226 1569 1377 1654 reliqui⁹‚
1402 1570 1498 1633 etiarn

164 1664 193 1731 si
214 1664 295 1725 liaeo
315 1683 381 1725 non
402 1662 605 1744 improbent,
639 1674 744 1725 tamen
766 1684 875 1726 earum
898 1685 1004 1728 rerum
1029 1662 1274 1744 disputationem
1298 1664 1498 1745 principibus

101 1832 104 1841 y
131 1752 134 1756 ⁴
165 1757 305 1829 civitatis
327 1755 456 1820 nonita
478 1758 627 1821 decoram
649 1759 809 1838 putant¹⁰‚
855 1758 931 1842 Ego
954 1769 1076 1831 autem,
1102 1779 1197 1841 quum
1222 1754 1364 1819 Graecas
1387 1757 1498 1821 literas

164 1840 401 1923 M,1Catnnem
422 1848 454 1911 in
476 1862 638 1917 senectute
660 1849 806 1918 didicisse
829 1851 1027 1932 acceperim3
1056 1853 1099 1915 P.
1124 1862 1230 1914 autem
1256 1852 1417 1930 Africani,
1447 1853 1498 1925 hi÷
1542 1922 1545 1927 ,

165 1945 283 2012 sturiae
306 1948 501 2030 loquantur,
535 1943 566 2008 in
588 1944 824 2030 legationeilla
845 1944 966 2023 nobili,
998 1967 1089 2033 quam
1113 1958 1184 2010 ante
1207 1967 1372 2009 censuram
1395 1947 1495 2023 obiit,

165 2038 353 2109 Panaetium
382 2061 479 2109 unirm
508 2038 638 2105 omnino
668 2040 815 2105 comitem
844 2040 967 2104 fnisse:
1002 2063 1061 2104 nee
1087 2041 1249 2103 literarum
1277 2043 1495 2119 Graecarum,

163 2157 225 2199 nee
246 2133 471 2217 philosophiae
493 2133 554 2199 iam
570 2134 669 2200 ullum
691 2137 889 2199 auctorem¹¹
911 2135 1055 2220 requiro.
1081 2137 1112 2199 6.
1137 2136 1269 2210 Restat,
1294 2145 1329 2197 ut
1350 2136 1386 2198 iis
1396 2137 1421 2175 1²
1443 2156 1498 2197 re·

166 2232 357 2310 spondeam,
383 2228 441 2314 qui
460 2228 663 2299 sermonibus·
682 2229 835 2293 eiusmodi
856 2229 959 2296 nolint
980 2249 1135 2312 personas
1150 2241 1213 2291 tam
1234 2250 1350 2314 graves
1366 2226 1496 2314 illigari.

124 2370 132 2394 ,
160 2316 267 2404 ¹Quasi
297 2344 377 2396 vero
414 2323 576 2393 clarorum
599 2322 744 2386 virorum
767 2336 821 2387 aut
849 2323 965 2391 tacitos
998 2344 1191 2407 congressus
1226 2344 1295 2386 esse
1325 2335 1496 2405 oporteat,

166 2430 220 2481 aut
242 2418 383 2491 ludicros
406 2439 594 2493 sermones,
612 2428 667 2481 aut
689 2439 795 2484 rerum
815 2415 975 2498 colloquia
997 2417 1171 2483 leviorum!
1194 2416 1339 2499 Etenim,
1364 2421 1391 2481 si
1412 2439 1497 2502 quo-

167 2512 237 2581 dam
259 2512 293 2577 in
320 2504 405 2578 libr'o
434 2532 513 2575 vere
535 2522 583 2576 est
604 2532 622 2580 a
644 2511 745 2579 nobis,
759 2510 965 2592 philosophia
985 2511 1130 2585 laudata,
1168 2511 1319 2591 prolecto
1342 2512 1407 2575 eius
1430 2524 1498 2577 tra·

166 2605 266 2678 etatio
297 2605 420 2687 optimo
443 2616 537 2688 atque
561 2603 754 2686 amplissimo
782 2625 912 2689 quoque
935 2604 1117 2689 dignissima
1138 2616 1205 2679 est;
1244 2605 1499 2691 necquidquam
1598 2649 1601 2655 -

166 2699 252 2771 aliud
273 2699 442 2769 videndum
464 2712 512 2763 est
521 2702 548 2741 ¹³
569 2700 681 2776 nobis,
706 2721 789 2784 quos
811 2699 950 2781 populus
973 2701 1137 2781 Romanus
1160 2699 1223 2761 hoc
1246 2699 1276 2760 in
1303 2703 1406 2783 gradu
1428 2701 1498 2764 eol·

165 2793 298 2870 locavit,
323 2794 384 2862 nisi
397 2816 437 2857 ne
453 2794 529 2877 quid
550 2794 683 2877 privatis
699 2792 814 2863 studiis.
831 2796 869 2862 de
893 2814 993 2874 opera
1013 2792 1141 2875 publica
1163 2793 1376 2858 detrahamus.
1401 2794 1499 2874 Quod

166 2888 205 2967 si,
226 2889 359 2971 quum14
374 2889 466 2973 iungi
488 2910 617 2952 munere
640 2891 810 2952 debeamus
819 2888 863 2964 ¹⁵,
888 2909 953 2950 non
977 2889 1073 2950 ruodo
1098 2907 1229 2969 operam
1251 2898 1393 2950 nostram
1416 2910 1497 2951 nun-

167 2980 264 3066 quam*
285 3005 303 3048 a
324 2983 473 3065 populari
495 2994 591 3053 coetu
614 3004 835 3058 removemus,
866 2984 985 3050 sedne
1007 2980 1130 3045 literam
1153 2979 1279 3064 quidem
1301 2979 1395 3045 ullam
1417 2981 1498 3045 faci-

166 3098 255 3152 mus,
290 3076 350 3142 nisi
370 3076 553 3149 sorensems
586 3077 658 3161 quis
686 3078 900 3159 reprehendet
921 3088 1065 3142 nostrum
1090 3074 1236 3150 otiumffi,
1261 3075 1360 3157 quiin
1376 3096 1416 3139 eo
1432 3097 1499 3139 non

167 3173 271 3257 modo·
287 3183 411 3243 nosmet
432 3171 520 3253 ipsos
542 3173 716 3242 hebescere
738 3184 769 3234 et
790 3171 944 3255 languere
966 3169 1166 3245 nolumusfl,
1202 3170 1315 3248 sedw,
1340 3182 1375 3233 ut
1396 3169 1498 3251 pluri·

167 3263 225 3338 mis
240 3265 420 3347 prosimus,
441 3265 612 3338 enitimur?
634 3265 780 3335 Gloriam,
800 3286 881 3335 vero
905 3285 969 3333 non
992 3262 1087 3327 modo
1104 3284 1168 3327 non
1191 3262 1317 3347 minui,¹
1331 3267 1386 3326 sed
1404 3264 1514 3345 etiarnx

74 3376 76 3385 ‘
169 3358 280 3442 aligeri
288 3352 481 3434 arbitramur
489 3380 614 3435 eornm,
630 3381 767 3443 quorum
780 3362 819 3422 ad
829 3359 1003 3441 populares
1011 3357 1212 3441 illustresque
1220 3358 1327 3420 laudes
1335 3358 1390 3419 has
1406 3357 1499 3421 etiarn

167 3453 269 3526 prinus
280 3464 372 3528 notas
384 3453 549 3536 minusque
561 3454 767 3537 pervulgatae
784 3452 991 3536 adiungimus.
1010 3453 1055 3520 -7‚
1071 3452 1151 3514 Sunt
1167 3451 1271 3530 otiam,
1297 3451 1352 3536 qui
1367 3464 1497 3535 negent,

165 3545 198 3617 in
220 3545 313 3643 iis¹⁹,
338 3546 447 3631 quiin
469 3547 587 3618 nostris
609 3548 698 3610 libris
722 3548 902 3636 disputent,
926 3545 1026 3616 fuisse
1047 3567 1153 3608 earum
1173 3568 1304 3622 rerum,
1329 3547 1499 3630 dequibus

243 3776 281 3844 (¹)
302 3776 349 3829 Sic
367 3778 400 3831 B.
421 3777 464 3840 M,
484 3783 509 3840 l,
529 3775 565 3831 G.
586 3782 612 3833 2.
630 3806 669 3818 —
687 3784 716 3828 et
732 3774 919 3847 propalantes
944 3774 978 3830 Η.
998 3806 1036 3825 ε-
1050 3772 1083 3827 'et
1095 3785 1241 3846 qrmestore
1261 3779 1293 3834 V.
1312 3805 1350 3822 -v-
1369 3785 1398 3828 et
1410 3796 1500 3847 qliae-

167 3860 230 3901 stor
251 3853 282 3915 L,
303 3852 338 3907 D.
385 3851 422 3926 (2)
441 3867 479 3913 oe
497 3852 558 3932 ip'so
577 3857 608 3905 in
625 3851 697 3910 bello
716 3856 786 3905 Ven.
808 3854 889 3912 1494,
909 3853 942 3906 Β.
968 3853 1003 3912 Η,
1023 3854 1054 3909 tl.
1076 3850 1146 3926 (uon
1165 3851 1244 3905 Man.
1265 3857 1359 3919 1555.)
1405 3859 1442 3920 ()
1462 3883 1502 3903 -.

96 3964 100 3975 .
141 3922 222 4010 “quo
242 3925 361 3990 Bentleii
382 3946 457 4000 susp,
504 3925 542 4001 (4)
562 3957 599 3970 -
619 3928 749 3984 audierat
774 3926 849 3980 malo
879 3928 947 4001 Ern.
979 3943 1053 4001 susp,
1080 3925 1137 3989 Clr,
1158 3925 1280 4000 Madvig.
1302 3930 1324 3986 l,
1345 3946 1372 3999 p.
1392 3935 1455 3990 121.
1475 3949 1501 3987 v.
1590 3946 1599 3953 “

168 4002 201 4052 de
221 4002 318 4072 quihus
337 4002 371 4054 ad
391 4003 588 4076 philosophos,
606 4021 663 4059 non
685 4001 719 4053 ad
738 4002 825 4054 libros
845 3999 1020 4061 referentem.
1060 4000 1097 4076 (⁵)
1116 4018 1154 4055 eno
1173 4003 1216 4054 At
1236 4001 1271 4055 G.
1293 4000 1322 4056 Ε.
1344 4009 1370 4057 2.
1408 4009 1445 4071 ()
1465 4030 1503 4046 «-

167 4083 331 4138 imminuam
350 4076 419 4132 Cdd.
441 4078 507 4148 aliq.
527 4080 562 4142 Η.
582 4080 624 4139 Μ,
669 4079 706 4146 (7)
727 4108 765 4129 ῳ-
785 4083 896 4135 cannino
915 4096 973 4137 non
993 4079 1043 4137 Gr,
1064 4079 1099 4138 H,
1119 4082 1195 4145 (sie.)
1233 4076 1273 4150 (⁸)
1292 4093 1331 4131 oe
1349 4088 1449 4131 amant
1468 4081 1501 4133 B.
1586 4097 1589 4104 ·

132 4154 135 4168 ¹
165 4152 200 4221 J.
254 4152 293 4225 (9)
315 4155 360 4207 Sic
381 4153 518 4225 Dsseqq,
544 4183 583 4196 ·-
608 4154 732 4225 reliqui„
754 4158 801 4224 qui
820 4155 947 4220 Priores,
975 4158 1061 4207 etiam
1081 4154 1112 4208 L.
1134 4152 1184 4224 (υ-
1203 4154 1306 4224 aliqui,
1337 4160 1383 4224 qui
1409 4152 1501 4214 Bentl,

114 4222 122 4239 '
168 4232 256 4302 snspi)
295 4229 345 4296 (1⁰)
366 4229 413 4282 Sic
431 4229 464 4294 L,
484 4231 521 4287 D.
548 4228 583 4283 G.
604 4234 630 4290 2,
648 4258 686 4272 --
704 4238 803 4302 praesit
822 4230 916 4290 Ceteri
936 4234 1003 4291 mei,
1024 4231 1073 4296 (Η)
1092 4258 1130 4278 „-
1146 4225 1300 4299 [aratorem
1320 4229 1503 4302 Bentlsusp,

168 4305 235 4358 Post
258 4303 460 4376 philosophiae„
476 4324 501 4368 v,
529 4303 697 4366 tractandae
721 4304 859 4372 excidisse
882 4319 963 4377 putat
990 4304 1056 4367 Sch.
1083 4309 1143 4365 sine
1169 4304 1224 4356 ulla
1250 4320 1343 4365 causa,
1383 4307 1432 4372 (¹2)
1454 4305 1502 4359 Sic

168 4378 211 4439 Μ,
239 4381 269 4441 1..
289 4382 323 4444 D,
345 4388 371 4437 l.
390 4397 429 4437 eo
447 4381 543 4441 bistv,
564 4377 729 4437 maten
748 4395 778 4433 ut
800 4383 949 4440 Goerenzii
969 4374 1074 4451 eandm
1093 4395 1185 4439 rectus
1212 4383 1265 4445 sit,
1292 4380 1320 4434 h.
1349 4380 1367 4433 l.
1391 4395 1503 4450 tamen,

94 4515 98 4521 ,
168 4472 254 4525 quum
282 4474 340 4519 nnn
366 4473 463 4520 omnes
482 4458 639 4528 superiores
660 4455 688 4509 h.
707 4454 727 4518 l,
747 4454 889 4522 confutet,
920 4452 968 4515 sed
996 4452 1117 4525 reliquos
1147 4454 1211 4517 illos
1237 4453 1400 4522 dumtaxat,
1434 4473 1503 4513 con-

169 4547 332 4597 sentaneum
352 4546 414 4595 est,
436 4548 466 4594 pt
498 4548 531 4584 eo
557 4528 763 4603 distinguantur
782 4536 966 4604 pronomine,
998 4528 1072 4600 quod
1092 4531 1287 4602 praetulimus.
1327 4531 1435 4598 (13)-
1458 4540 1503 4583 est

134 4604 137 4617 ¹
168 4606 227 4669 oid.
238 4606 270 4670 B,
280 4608 310 4660 L.
324 4607 357 4661 D.
381 4607 430 4674 (¹4)
450 4637 488 4659 -,-,-
497 4624 579 4678 quum
588 4611 614 4661 ,ei
623 4607 657 4659 H.
678 4604 730 4674 (1⁵)
738 4636 775 4648 —
785 4607 947 4667 debebamus
960 4605 1028 4668 (hoc
1038 4625 1051 4658 e
1065 4603 1147 4679 Cdd.)
1157 4609 1208 4672 (es-
1219 4612 1389 4669 rempeimus
1396 4605 1503 4677 -qse-

169 4687 256 4743 simite
263 4679 296 4745 de
305 4680 431 4743 Dtiraudi
442 4681 472 4738 G.
479 4679 519 4756 2.)
531 4679 582 4752 (1⁶)
591 4687 723 4741 :otium
729 4691 859 4743 nostrum
864 4684 897 4738 V,
911 4678 963 4752 (17)
972 4706 1007 4720 -
1017 4681 1137 4741 polimus
1149 4684 1215 4741 Van.
1229 4679 1279 4755 (¹⁸)
1289 4683 1335 4741 Sic
1342 4685 1377 4743 B.
1386 4682 1421 4735 G.
1429 4690 1456 4737 2.
1466 4710 1503 4747 ς·-

168 4757 220 4819 ‚sed
237 4763 322 4821 etiam
341 4759 443 4817 Ceteri.
481 4758 531 4825 (1⁹)
552 4786 590 4799 -
607 4754 652 4808 bis
671 4759 703 4809 V.
724 4757 758 4819 G,
779 4758 818 4814 2.
846 4760 945 4822 Recte,
965 4760 988 4817 si
1009 4754 1192 4823 deLucullo,
1213 4755 1382 4823 Hortensio,
1402 4757 1503 4811 Catulo
1573 4760 1579 4770 '

169 4832 236 4896 solis
257 4850 355 4892 sermo·
369 4849 451 4896 esset,
489 4836 626 4904 Perpetua
645 4833 715 4893 baec
736 4831 878 4897 conlusio,
901 4849 970 4904 qnae
990 4831 1080 4891 ubivis
1100 4832 1157 4891 fere
1177 4831 1286 4903 decepit
1303 4833 1504 4900 Goerennium,

170 4924 235 4971 ‚orta
250 4924 292 4971 est
312 4927 344 4960 ex
363 4925 447 4981 prava
466 4914 604 4980 scriptura
623 4907 681 4973 bii,
703 4907 773 4969 biis,
796 4925 896 4980 postea
916 4907 982 4961 talia
1002 4923 1067 4961 eum
1087 4913 1199 4981 optimis
1221 4908 1434 4967 auctoritatibus
1462 4924 1505 4980 tar⁴

169 4977 229 5050 cite
246 4988 402 5057 corrigam,
437 4983 562 5040 indicato
593 4998 690 5049 tamep
716 5001 825 5057 semper
845 4989 876 5040 in
902 4999 1067 5045 amatorum
1081 5001 1163 5041 usum
1183 4982 1212 5034 Ιιι·
1230 4998 1260 5039 et
1278 4981 1322 5057 bie
1342 4983 1504 5046 Goerenrii,
