3226 5488
201 411 264 477 333
360 440 367 461 ι
763 409 998 479 MORELIi.

145 602 153 627 ,
201 529 374 633 oratorio]
396 552 434 616 In
457 550 589 635 antiquo
603 549 779 633 exemplari
800 561 870 617 sut:
894 546 1167 630 „Disserendique
1190 549 1230 611 ab
1248 546 1361 612 iisdem
1380 569 1449 614 non
1469 550 1530 614 dia·

203 645 316 710 lectice
339 647 462 721 solutu,
488 644 658 709 sedetiam
682 642 825 710 oratorie
844 654 1018 728 praecepta
1040 653 1115 706 suot
1135 636 1284 705 tradital’

234 766 239 774 ·
287 748 318 820 §.
344 741 397 804 13.
419 739 535 807 Ηιιίιιε
551 739 682 826 Lysias
702 750 736 802 et
756 736 921 804 oratioue
936 738 1104 822 tompus]
1128 735 1289 801 Stratonis
1310 754 1530 802 successorem

86 874 89 879 <
201 834 277 898 dicit
298 835 452 897 La‘e'rtius
477 835 663 914 Lycoucru,
699 835 896 897 Troadeiuu.
954 833 1049 917 Ergo
1077 851 1139 912 pro
1170 830 1338 912 „Lysias”
1368 831 1532 896 hocloco

201 929 372 1012 legendum
386 975 400 1001 „
410 929 503 1006 Lyco
514 931 546 1001 ’',
562 937 597 988 ut
610 926 703 989 etiam
715 926 747 989 io
761 926 864 990 veteri
876 923 1019 1000 Codice,
1037 946 1104 1012 quo
1116 940 1191 989 usus
1204 944 1292 998 suta,
1306 922 1463 1004 scriptum
1474 937 1532 989 est.

287 1028 318 1099 §.
342 1022 395 1083 33.
418 1023 519 1084 Hauc
538 1020 638 1083 initio
660 1018 952 1098 constitutionem]
977 1021 1013 1085 lu
1032 1018 1136 1083 veteri
1154 1029 1215 1082 esta
1231 1014 1532 1099 „institutionem”

288 1121 319 1192 §.
344 1115 398 1177 37.
421 1114 524 1198 Quod
544 1113 636 1177 idem
657 1135 778 1197 reapse
796 1114 954 1197 primum
970 1113 1036 1194 cst]
1059 1111 1127 1183 Alii
1141 1113 1273 1197 legunt,
1297 1121 1332 1174 ut
1347 1111 1412 1174 tria
1434 1116 1531 1178 verbs

207 1206 288 1273 siut:
313 1229 372 1282 „re
394 1209 450 1269 abs
473 1209 543 1270 se.”

285 1308 317 1380 3.
342 1302 394 1366 38.
418 1305 488 1367 Res
512 1301 604 1365 euim
623 1313 830 1365 concurrent
849 1298 1062 1378 contrariae]
1084 1300 1210 1362 Venus:
1234 1304 1473 1370 „occurrere”

93 1454 100 1465 .
286 1401 317 1474 §.
341 1396 394 1458 39.
419 1396 466 1460 Et
486 1414 593 1480 quum
607 1393 643 1458 iu
666 1396 759 1457 maio
779 1388 924 1458 'scientes
945 1395 1105 1470 irruunt,
1129 1404 1246 1456 tamen
1259 1411 1298 1453 se
1309 1393 1443 1474 optime
1455 1406 1545 1459 con·'

199 1493 313 1554 ardere
345 1490 592 1571 arbitrantium]
635 1491 739 1554 Vetus
770 1489 884 1553 additt
918 1488 1009 1563 „Sibi
1019 1491 1056 1565 '‘‚
1092 1498 1128 1551 ut
1162 1486 1220 1561 sit,
1260 1505 1295 1547 se
1324 1486 1449 1568 optime
1474 1489 1531 1554 sibi
1598 1498 1599 1567 ι

201 1585 385 1648 consulere.

285 1684 317 1755 §.
340 1679 394 1742 33.
418 1678 495 1745 Siue
523 1689 562 1741 ut
589 1677 798 1742 doctissimis
826 1675 912 1742 uiris
935 1677 1016 1757 cet.]
1053 1677 1158 1740 Vetus
1178 1676 1293 1745 habeta
1326 1679 1432 1750 „Sive
1449 1676 1530 1741 enim

199 1782 235 1835 ut
258 1770 448 1837 doctissimis
471 1772 575 1836 viris'’
592 1784 653 1837 eet.
743 1800 746 1813 ·
1597 1778 1599 1825 1

283 1866 477 1951 appetitum
500 1889 619 1933 rerum
635 1888 659 1930 a
672 1867 815 1947 namra]
837 1866 942 1928 Vetus
963 1862 1115 1946 scripturn
1132 1864 1245 1928 habete
1270 1867 1333 1938 „ad
1347 1864 1529 1928 uaioeaml’
1597 1860 1599 1905 ἕ

285 1967 317 2039 3.
341 1961 394 2024 35.
417 1961 482 2025 Est
506 1961 596 2025 euim
618 1961 710 2025 actio
734 1960 905 2046 quaedam
932 1957 1104 2041 corporis]
1141 1958 1181 2020 Ιιι
1200 1960 1303 2023 veteri
1323 1959 1440 2024 codice
1459 1971 1528 2023 esta

200 2056 287 2130 „Est
308 2065 411 2117 autern
437 2054 520 2118 actio
543 2055 635 2119 etiam
658 2058 814 2140 quaedam
836 2052 1021 2135 corporis.’'
1597 2052 1599 2061 ’

285 2154 317 2225 3.
341 2147 395 2210 33.
418 2168 569 2231 ususque
586 2147 744 2231 corporis
763 2159 849 2231 apto
872 2146 960 2227 esse]
984 2146 1110 2208 Vetus:
1134 2147 1224 2227 „apti
1246 2148 1353 2212 esse.''

284 2249 316 2319 §.
341 2241 394 2304 38.
417 2241 584 2306 Animum
611 2241 662 2304 itti
678 2242 806 2325 pecudi
834 2242 956 2304 dotum
977 2240 1058 2320 cet.]
1093 2239 1217 2305 Nonius
1241 2243 1421 2307 Marcellus
1444 2245 1525 2307 huuc

199 2335 308 2399 locum
330 2334 407 2398 citat
430 2332 570 2419 legitque
592 2355 674 2417 pro:
698 2383 713 2410 „
729 2345 947 2418 putresceret,
972 2333 1180 2416 putisceret.”
1393 2328 1397 2332 ’

206 2454 211 2461 ’
285 2437 317 2507 3.
341 2429 395 2493 39.
418 2433 540 2514 Itaque
567 2441 600 2493 ct
631 2429 743 2493 viuere
770 2430 876 2495 otton
901 2440 936 2492 et
961 2427 1052 2494 mori
1079 2427 1240 2510 dicimus]
1269 2431 1309 2497 Iu
1332 2424 1437 2497 veteri
1460 2443 1524 2495 est:

60 2534 62 2547 '
148 2528 152 2532 ’
200 2534 255 2596 ,ιι
273 2521 401 2596 rivere,
426 2534 457 2591 et
478 2522 604 2606 vigere,
629 2533 661 2585 et
684 2522 801 2586 ιιιοιί.”

284 2619 379 2700 Apta
396 2618 566 2701 qutaedom
583 2617 630 2681 ad
642 2628 807 2681 naturum
827 2614 964 2699 aptare]
987 2613 1058 2677 Alii
1080 2613 1208 2678 melius:
1233 2620 1408 2699 „putarel’

203 2756 207 2775 ,
284 2717 315 2788 3.
340 2713 392 2774 40.
415 2715 614 2796 Eorumque
646 2712 801 2777 omnium
831 2708 1036 2795 appetitum]
1074 2708 1112 2771 Iu
1146 2711 1249 2774 veteri
1277 2713 1433 2795 scriptum
1461 2726 1525 2778 est:

200 2804 415 2886 „Eorumque
434 2826 559 2869 omnem
582 2805 790 2888 appetitum.'’

284 2904 315 2974 §.
340 2899 393 2960 41.
416 2902 520 2964 Nunc
543 2922 623 2965 vero
641 2921 665 2962 a
674 2900 791 2982 primo
804 2898 942 2987 quidone
962 2896 1168 2961 mirabiliter
1187 2897 1266 2977 ech]
1289 2900 1397 2964 Vetus
1411 2903 1524 2964 habctr

176 3002 181 3007 ’
200 2992 318 3066 „Nunc
343 3014 423 3057 vero
445 2997 532 3115 qpod
557 2994 745 3058 mirabiliter
765 2996 888 3059 occulta
912 3000 1108 3066 persuassi,
1144 3010 1204 3054 uec
1225 2992 1370 3076 prospici
1392 3017 1453 3058 uec
1473 3017 1526 3059 co·

202 3086 318 3170 guosci
339 3091 480 3169 potestss'
526 3088 569 3153 Et
588 3089 698 3196 paullo
721 3098 797 3171 post
818 3084 962 3171 sequitur
982 3083 1015 3147 in
1038 3085 1174 3148 eodem·
1197 3086 1413 3171 „Primusque
1430 3111 1526 3172 appe·
1589 3084 1592 3087 ’

200 3178 276 3243 titus
298 3180 352 3244 itte
374 3181 469 3244 aniani
489 3195 610 3246 tautum
634 3182 718 3268 agit,
742 3194 778 3246 ut
798 3181 880 3244 saisi
899 3193 993 3285 atquc
1009 3177 1126 3298 iutegri
1141 3200 1211 3242 esse
1216 3180 1399 3262 possimus.
1425 3184 1527 3262 Quutu

202 3284 307 3336 autern
330 3272 486 3356 dispicere
510 3274 692 3358 coepimus,
717 3286 749 3339 et
770 3274 887 3339 sentire
910 3250 987 3356 quid
1007 3271 1114 3335 simus’
1119 3275 1211 3335 ’.cet

283 3372 316 3444 3.
339 3368 393 3432 33.
415 3386 524 3451 nepus
555 3369 698 3450 aculeis]
728 3368 805 3433 citat
826 3372 910 3432 hunc
939 3368 1044 3431 Ιοιιιιιι
1075 3366 1199 3429 Νοιιίιιε
1221 3379 1252 3430 et
1274 3366 1304 3430 iu
1327 3367 1394 3432 eius
1419 3369 1527 3433 codice

199 3459 387 3546 legiturt,
387 3475 512 3535 ,uetare
542 3463 732 3539 anaticulas,
763 3465 877 3528 volare
910 3462 1068 3537 merulas,
1106 3462 1258 3524 cornibus
1288 3460 1333 3523 uti
1368 3462 1527 3526 videamus

190 3556 321 3632 boves,
345 3577 443 3639 nepas
466 3556 610 3622 aculeis''
634 3568 698 3621 cet.
753 3556 879 3622 Male
870 3578 903 3618 ιιι
925 3554 1114 3640 quibusdam
1148 3553 1313 3619 codicibus
1335 3553 1526 3623 Ciceronia-
1596 3606 1597 3635 3

199 3648 249 3713 uis
272 3649 426 3731 ι,ιειιιιε’
429 3651 578 3735 ’iegitur
597 3672 661 3733 pro
683 3651 846 3733 ,,.ἰιιιιιε’
1596 3650 1597 3681 ³

215 3806 220 3819 ,
284 3744 542 3850 Advertatutque
565 3766 622 3818 ια,
656 3766 744 3829 quae
766 3745 861 3810 domi
878 3744 978 3822 fiunt
1003 3744 1082 3824 ceu]
1106 3741 1168 3805 Hic
1190 3742 1281 3806 iocus
1304 3733 1428 3824 paullo
1441 3745 1526 3808 aliter

199 3848 248 3901 est
280 3836 419 3918 scriptus
449 3839 478 3899 iu
502 3839 604 3905 veteri
626 3837 658 3901 in
682 3840 766 3901 burne
795 3841 944 3903 modum:
978 3837 1333 3919 „Animadvertuutque
1355 3858 1410 3913 ea,
1451 3860 1527 3923 quae

201 3929 286 3994 domi
309 3930 389 3991 liunt
409 3932 588 4009 curiosius,
613 3931 830 4017 incipiuntque
851 3931 1056 3996 commentari
1075 3929 1192 4014 aliquid
1211 3929 1322 3993 facere
1350 3941 1383 3993 et
1405 3951 1525 4006 eorum,

202 4044 285 4109 quos
307 4024 435 4099 vident,
460 4025 601 4089 voluut''
624 4037 688 4089 cet.

285 4123 316 4195 §.
342 4119 943 4202 ts.Smuenimp1·imelemsnta
961 4126 1121 4190 naturae,
1144 4116 1267 4200 petibus
1286 4116 1432 4181 auctis''
1438 4117 1526 4197 ceu]

202 4213 308 4274 Vetus
331 4214 452 4286 codex,
478 4212 618 4295 „quiluus
641 4212 754 4275 sctis.'’

284 4305 676 4390 §.disceptantium
708 4327 785 4369 eom
813 4306 921 4369 uitam
947 4326 1035 4391 quoe
1068 4305 1204 4368 rebus
1191 4305 1277 4388 ipsis
1295 4253 1524 4396 perfruetur]

198 4396 273 4463 Alii
288 4397 428 4463 Codices
453 4401 590 4467 habeus
616 4398 856 4479 perficiatur?

285 4496 316 4568 §.
341 4493 394 4554 ²16.
419 4504 450 4554 rt
473 4494 526 4556 tt.
550 4493 652 4576 Quod
686 4493 884 4556 uniuersum
910 4505 1056 4577 propter
1078 4513 1114 4557 se
1135 4503 1339 4574 expetatur,
1376 4493 1505 4578 quod
1492 4514 1524 4555 ιιι

200 4596 298 4647 motu
322 4596 357 4648 et
383 4586 419 4649 ἰιι
443 4598 539 4649 statu
559 4586 716 4668 corporis
738 4587 827 4650 nihil
851 4599 921 4663 est,
956 4587 1049 4671 quod
1068 4585 1417 4651 animaduertendum
1448 4584 1521 4673 cet]

199 4676 239 4739 Iu
271 4677 373 4740 veteri
403 4678 577 4759 scriptum.
612 4679 744 4783 „Quod
759 4681 941 4745 uuiversum
970 4691 1109 4762 propter
1130 4700 1164 4741 sc
1186 4691 1371 4760 expetatur.
1419 4668 1521 4763 Quid?

171 4770 232 4833 ‘iu
262 4783 348 4834 motu
376 4783 407 4834 et
428 4772 461 4834 in
484 4785 567 4837 statu
590 4771 738 4853 corporis
769 4774 846 4838 nihil
869 4772 969 4849 inest,
1006 4776 1094 4858 qirod
1122 4774 1437 4850 animadvertendum
1459 4794 1541 4863 esse‘

97 4914 100 4923 ,
201 4875 314 4940 natura
336 4865 503 4927 iudice-W
528 4867 618 4948 Quae
639 4865 735 4930 lectio
758 4870 990 4949 propemodum
1012 4869 1122 4930 eadem
1133 4866 1187 4929 illi
1209 4877 1274 4944 est,
1300 4890 1395 4952 quaro
1411 4872 1537 4951 probat.

200 4941 417 5022 Camerarius.
