3288 5490
1046 398 1049 409 t

221 436 262 515 ss
328 383 342 439 Α·
564 432 961 515 Acanuulcouuu
976 426 1204 671 'ouum

218 575 278 641 ista
291 570 472 641 dialecticae
484 574 656 640 uullasint.
681 577 755 641 tta.
771 577 879 661 Venio
898 576 980 649 enun
1027 601 1056 647 m
1073 580 1113 642 ad
1124 579 1249 647 tertiam
1264 592 1388 663 partem
1406 572 1561 667 philocti-

216 671 326 756 phiae.
358 670 628 735 Aliudiudieium
647 672 852 754 Protagorae
866 685 933 749 est,
966 673 1022 756 qui
1035 677 1147 756 putet¹
1161 675 1194 738 id
1209 678 1325 761 cuique
1336 698 1449 741 verum
1460 701 1559 756 esso,

219 768 308 852 quod
326 765 440 848 cuique
455 766 620 829 videatur:
640 764 728 827 'aliud
741 764 1015 845 Cyrenaicorum,
1040 766 1097 852 qui
1106 782 1237 850 praeter
1249 770 1467 852 permotiones
1477 773 1562 836 incia

217 882 306 933 mas,
330 858 407 922 nihil
423 870 537 942 putant
552 881 623 922 csse
639 859 763 923 indidi:
786 860 872 923 aliud
886 859 1040 942 Epicuri,
1065 862 1120 945 qui
1136 882 1229 927 omne
1241 862 1391 927 iudicium
1403 866 1435 929 in
1451 866 1562 930 sensi-

94 1020 103 1033 ,
217 955 291 1028 hus,
316 966 347 1016 et
363 952 395 1015 in
414 974 522 1016 rerum
540 952 678 1031 notitiis,
703 965 735 1019 et
755 953 787 1016 in
811 955 975 1035 voluptate
996 956 1174 1021 constituit.
1218 960 1315 1023 Plato
1334 972 1438 1024 autem
1458 982 1562 1025 omne

216 1048 365 1113 iudicium
392 1047 555 1123 veritatis,
590 1049 821 1131 veritatemque
844 1049 966 1130 ipsam,
1001 1052 1231 1117 abductam·ah
1254 1054 1455 1135 opinionibus
1481 1068 1562 1120 eta

216 1142 383 1231 sensibus,
409 1141 635 1227 cogitationis2
648 1143 748 1225 ipsius
763 1152 796 1204 et
811 1141 923 1205 mentis
940 1163 1008 1207 esse
1027 1144 1143 1208 uoluit.
1170 1147 1243 1210 143.
1263 1149 1424 1233 Numquid
1434 1151 1560 1214 horum

213 1240 336 1321 probat
355 1240 485 1300 noster³
510 1236 717 1301 Antiochus?
751 1235 811 1301 Ille
829 1256 910 1300 vero
933 1257 972 1299 ne
988 1237 1142 1301 maiorum
1161 1240 1287 1322 quidem
1305 1264 1449 1306 suorum.
1482 1243 1561 1307 Ubi

216 1333 307 1396 enim·
319 1340 373 1394 aut
387 1334 602 1395 Xenocratem
619 1330 781 1417 sequitur,
807 1331 897 1393 cuius
913 1329 987 1393 libri
1000 1340 1075 1395 sunt
1092 1334 1131 1394 dc
1142 1332 1269 1398 ratione
1287 1334 1436 1417 loquendi
1446 1340 1558 1413 mtrlti,
1643 1375 1644 1400 i

219 1437 260 1488 ot*
275 1426 411 1489 multum
429 1425 583 1508 probati?
605 1439 658 1488 attt
679 1425 781 1507 ipsum
804 1424 1031 1502 Aristotelem,
1056 1447 1121 1509 quo
1144 1427 1294 1507 proiecto
1310 1429 1389 1495 nihil
1410 1442 1458 1494 nst
1471 1453 1559 1496 aeu-

214 1521 300 1598 tius,
322 1521 401 1583 nihil
423 1520 578 1602 politius?
601 1522 633 1584 A
656 1516 844 1601 Chrysippo
866 1521 978 1601 pedem
1001 1521 1193 1600 nunquam‘k
1303 1558 1307 1566 ·
1643 1515 1644 1524 ’

299 1616 450 1687 XLVII.
483 1615 548 1695 Qui
581 1636 662 1700 ergo
692 1613 877 1703 Academici
909 1614 1146 1694 appellamur⁵,
1181 1638 1220 1678 au
1251 1619 1410 1683 abutimur
1441 1621 1558 1704 gloria

215 1709 376 1775 nominis?
398 1716 452 1772 alut
468 1731 526 1772 cur
541 1708 688 1794 cogimur
702 1729 758 1773 eos
777 1707 885 1790 sequi,
911 1710 970 1793 qui
980 1708 1062 1773 iuter
1076 1731 1110 1772 se
1126 1709 1300 1774 dissident?
1322 1714 1361 1776 In
1380 1715 1442 1778 hoc
1459 1714 1555 1795 ipsu,

199 1807 303 1887 ‘quod
324 1803 356 1866 iu
380 1803 540 1866 elementis
556 1802 711 1866 dialectici
726 1805 861 1879 docent,
886 1823 951 1885 qno
967 1805 1064 1866 modo
1079 1802 1218 1867 iudicare
1234 1819 1396 1887 oporteat,
1420 1830 1553 1886 rerum,

214 1899 367 1962 falsumne
383 1896 441 1971 sit,
465 1897 493 1959 si
510 1895 586 1979 quid
599 1896 644 1959 ita
659 1917 837 1960 connexum
855 1908 920 1971 est,
943 1897 1074 1960 uthoc:
1091 1898 1280 1976 uidissent,
1297 1903 1405 1977 lncet3
1428 1915 1556 1986 quanta

203 1991 380 2059 ¹contentio
404 1989 477 2053 est?
498 1989 592 2053 aliter
614 1991 766 2055 Diodoro
776 1990 801 2067 Β,
826 1992 916 2053 aliter
938 1990 1080 2067 Philoni,
1105 1991 1292 2075 Chrysippo
1315 1994 1407 2061 aliter
1429 1996 1561 2077 placet.-

215 2085 324 2167 Qnid?
347 2106 418 2147 cum
442 2083 615 2161 Cleanthe,
640 2088 775 2149 doctore
798 2108 876 2160 sito,
902 2107 994 2170 quam
1018 2087 1123 2150 turritis
1145 2093 1243 2152 rebus
1264 2088 1464 2170 Chrysippus
1479 2089 1553 2153 dis-
1643 2145 1644 2148 ,

214 2180 312 2243 sidet!
347 2177 447 2261 quid?
480 2182 543 2243 duo
574 2181 625 2242 vel
654 2180 814 2263 principes
838 2179 1095 2258 dialecticorum,
1129 2183 1302 2265 Antipater
1317 2190 1355 2247 'et
1384 2183 1553 2247 Archide-

213 2297 296 2349 mus,
314 2268 562 2355 opiniosissimi⁷
573 2274 728 2351 homines,
746 2297 851 2338 nonne
863 2273 970 2337 multis
982 2273 1014 2336 in
1028 2278 1124 2338 rebus
1138 2277 1350 2341 dissentiunt?
1374 2280 1446 2341 144.
1458 2278 1553 2357 Quid
1643 2283 1644 2286 ’

212 2368 394 2453 me'igitnr,
429 2369 584 2443 Luculle,
609 2368 642 2432 in
664 2369 832 2444 invidiam,
864 2380 896 2431 ct
916 2381 1076 2452 tamquam
1098 2370 1131 2433 iu
1153 2371 1341 2436 concionem
1365 2374 1489 2437 vocas?
1516 2376 1577 2439 et'

216 2462 362 2548 quidem,
400 2473 435 2524 ut
456 2459 598 2542 seditiosi
620 2463 739 2526 tribuni
760 2466 882 2539 solent,
909 2464 1034 2528 occludi
1055 2466 1204 2529 tabernas
1225 2465 1346 2529 iubes?
1369 2488 1433 2550 quo
1460 2469 1552 2534 enim
1643 2521 1644 2524 ,

166 2564 172 2571 “
210 2568 336 2639 spectat
358 2555 436 2618 illud
445 2600 454 2631 ,
472 2578 575 2639 ,quum
600 2557 734 2620 artificia
748 2559 820 2622 tolli
841 2558 987 2644 quereris
1010 2580 1026 2621 a
1048 2559 1160 2635 nobis,
1186 2560 1246 2623 nisi
1267 2571 1303 2623 ut
1318 2560 1449 2643 opifices
1464 2585 1551 2627 oon-
1638 2570 1642 2647 i

214 2649 375 2715 nitentur?
409 2650 462 2733 qui
484 2652 671 2735 si-nndique
694 2674 803 2716 omncs
825 2653 1054 2729 convenerint,
1077 2638 1192 2717 taedet
1214 2665 1328 2718 contra
1351 2676 1410 2718 vos
1430 2655 1551 2720 incita-
1642 2652 1643 2729 J

214 2748 344 2809 buntur.
378 2746 577 2826 Expromam
599 2746 735 2828 primum
758 2747 812 2811 illa
832 2747 1000 2824 invidiosa,
1026 2750 1115 2831 quod
1135 2769 1326 2821 eosomnes,
1352 2749 1405 2833 qui
1421 2750 1453 2812 in
1464 2772 1548 2815 con·
1641 2750 1643 2781 l

212 2842 306 2903 cione
327 2841 474 2917 stabunt,
508 2842 653 2918 exsules,
688 2841 842 2916 servosl,
878 2840 1005 2904 insanos
1028 2863 1096 2905 esse
1118 2841 1250 2905 dicatis:
1285 2841 1397 2908 deinde
1428 2846 1468 2906 ad
1489 2845 1546 2909 ilia

212 2934 355 3009 veniam,
379 2934 461 3019 quac
483 2935 543 2999 iam
566 2957 633 3000 non
655 2938 693 2997 ad
715 2935 963 3011 multitudinem,
988 2938 1045 2999 aed
1066 2939 1105 2999 ed
1126 2950 1253 3001 vosmet
1265 2938 1374 3019 ipsos,
1398 2939 1453 3024 qni
1467 2942 1546 3005 ade·

138 3055 140 3059 ·
212 3027 286 3104 stis,
310 3029 482 3111 pertinent.
542 3031 651 3113 Negat
671 3028 754 3092 enim
778 3049 837 3111 vos
859 3029 973 3104 Zeno,
999 3041 1095 3114 negat
1116 3030 1318 3106 Antiochus,
1344 3031 1425 3107 scire
1448 3032 1545 3117 quid-

213 3142 322 3206 qnam.
367 3121 441 3201 Quo
464 3122 585 3187 modo?
606 3124 747 3207 inquies;
770 3129 830 3187 no's
853 3118 935 3185 euim
957 3123 1174 3200 defendimus,
1199 3124 1291 3188 etiam
1307 3125 1509 3208 insipientem
1518 3128 1544 3167 ¹⁰

212 3220 309 3281 mttlta
331 3219 614 3300 comprehendere.
636 3248 679 3263 —-
703 3219 776 3281 145.
802 3219 850 3281 At
873 3218 954 3281 scire
969 3220 1093 3303 negatis
1102 3221 1127 3258 ¹¹
1150 3241 1420 3304 quemquamrem
1431 3222 1543 3297 ullam,

210 3312 273 3376 nisi
304 3312 487 3394 sapientem.
539 3313 583 3377 Et
604 3314 669 3377 hoe
691 3313 815 3398 quidem
840 3314 931 3375 Zeno
955 3329 1046 3397 gestu
1068 3314 1270 3377 conficiebat.
1315 3316 1419 3392 Nam,
1445 3338 1544 3402 quum

14 3432 17 3437 ·
70 3408 73 3417 “
110 3442 114 3447 ’
196 3406 350 3472 'extensis
373 3406 479 3491 digitis
502 3410 668 3470 adversam
691 3429 814 3469 manum
838 3409 1036 3483 ostenderat,
1067 3408 1202 3484 visum,
1227 3407 1417 3492 inquiebat,
1432 3410 1544 3474 huius-

118 3534 123 3554 ι
211 3504 297 3567 modi
318 3514 379 3566 est.
424 3502 567 3577 Deinde,
602 3524 699 3587 quum
727 3501 866 3583 paullum
897 3502 1014 3586 digitos
1047 3501 1283 3566 constrinxerat
1294 3505 1341 3580 ¹²,
1377 3525 1545 3571 assensus

210 3596 404 3669 huiusmodi.
450 3598 545 3670 Tum,
567 3616 663 3679 quum
685 3594 778 3676 plane
794 3608 1040 3678 compresserat,
1064 3600 1268 3681 pugnumque
1290 3596 1423 3672 fecerat,
1447 3619 1542 3662 com-

207 3691 473 3776 prehensionem
503 3690 589 3755 illam
613 3710 682 3752 esse
713 3689 853 3764 diceban
888 3711 949 3776 qua
972 3711 1013 3753 er
1035 3690 1236 3756 similitudine
1259 3691 1352 3754 etiam
1373 3712 1491 3755 nomen
1514 3691 1542 3756 ei

210 3785 274 3860 rei,
300 3787 388 3868 quod
409 3797 480 3847 ante
503 3805 568 3848 non
588 3784 713 3858 fuerat,
737 3778 943 3877 κατάληψιν,
967 3785 1131 3867 imposuit.
1177 3787 1283 3867 Quum
1298 3786 1542 3850 autemlacram
1565 3802 1568 3809 ·

210 3898 336 3942 maurim
360 3881 596 3955 adverterat¹³,
631 3891 663 3941 et
690 3877 777 3941 illum
808 3900 952 3961 pugnum
975 3892 1062 3943 arcte
1084 3882 1350 3963 vehementerque
1373 3900 1543 3962 compres-

211 3984 315 4036 serat:
339 3973 518 4036 scieutiam
540 3974 633 4035 talem
658 3995 726 4036 esse
748 3973 892 4047 dicebat3
928 3974 1017 4037 eitius
1039 3985 1241 4057 compotem,
1259 3973 1331 4037 uisi
1352 3973 1543 4054 sapientem,

25 4101 28 4110 ν
117 4100 120 4111 ·
212 4086 282 4130 esse
312 4067 479 4130 neminem.
532 4068 594 4130 Sed
617 4067 678 4152 qui.
693 4066 850 4149 sapientes
873 4078 928 4129 ant
948 4069 1027 4144 sint,
1053 4080 1105 4130 aut
1127 4068 1300 4143 fucriuttt,
1324 4089 1363 4131 ne
1384 4068 1447 4149 ipsi
1470 4070 1540 4150 qui-

60 4196 63 4207 =
143 4154 153 4247 J
211 4162 280 4249 (lem
296 4161 536 4249 splentdieere.
580 4162 631 4226 Ita
654 4173 689 4223 tu
711 4183 813 4236 utino,
839 4160 971 4239 Catule,
997 4160 1236 4237 lucereue'scis3
1260 4163 1353 4225 nec¹⁵
1370 4173 1426 4239 tu,
1448 4160 1538 4229 Hor-

210 4282 497 4304 -ι-ἅ--ι--δ-

174 4472 177 4477 ,
202 4482 208 4493 .
238 4460 245 4474 .
307 4464 310 4467 .
376 4461 383 4474 .
435 4421 473 4489 (t)
496 4418 544 4465 ⁴·-
562 4439 615 4472 nias
633 4440 697 4472 icam
716 4438 731 4472 e
751 4437 838 4493 marg.
859 4419 908 4475 Cd.
928 4422 1005 4497 liegii
1026 4426 1061 4478 D.
1083 4431 1107 4481 1.
1157 4424 1194 4500 (⁶)
1212 4441 1251 4479 oe
1270 4424 1347 4494 Quid
1363 4456 1382 4470 -
1401 4456 1420 4469 -
1439 4427 1541 4498 appel-

207 4497 321 4549 lamur?
351 4498 393 4552 M.
413 4497 444 4550 L.
493 4494 536 4562 Ι(θ)
556 4525 594 4538 -
645 4495 741 4547 iodoto
762 4497 844 4552 Grut.
865 4497 932 4552 Ern.
954 4511 980 4557 1.
1000 4499 1065 4574 (toli
1087 4519 1120 4554 ex
1138 4503 1233 4573 abeis.)
1283 4501 1322 4567 (⁷)
1340 4528 1375 4547 -v
1396 4505 1541 4572 opinosis-

207 4579 273 4624 simi
290 4576 324 4628 V.
363 4572 402 4641 (8)
423 4569 565 4642 -facilc
591 4577 676 4637 ctiam
703 4572 737 4626 G.
758 4588 833 4645 susp.
884 4572 921 4639 (⁹)
944 4564 985 4617 ἰ-
1009 4594 1065 4649 om.
1101 4595 1130 4630 v.
1158 4583 1206 4649 qur*
1228 4583 1259 4629 iu
1276 4607 1294 4621 ··
1312 4606 1332 4620 -
1351 4595 1450 4643 seruos
1470 4576 1541 4632 Cdd.

208 4649 301 4705 multi.
338 4649 420 4702 Unde
435 4648 481 4705 D.
502 4664 566 4700 eum
580 4646 649 4701 Cdd.
670 4647 734 4718 aliq.
751 4663 779 4701 et
796 4651 826 4701 B.
840 4647 967 4712 volebat:
988 4652 1062 4722 quod
1077 4670 1123 4704 eos
1133 4670 1231 4707 *omues
1242 4671 1301 4705 vos.
1310 4657 1427 4728 t'qsnrros
1439 4672 1501 4707 asse
1513 4652 1540 4706 d.

92 4718 105 4733 ⁴(
208 4724 260 4798 (¹⁰)
271 4745 318 4787 1=
336 4730 420 4797 incip.
441 4730 527 4776 etiam
546 4722 620 4777 Gud.
643 4720 721 4797 «(11)
742 4751 779 4765 ·-
797 4730 914 4791 negaris
933 4727 965 4780 L.
986 4729 1071 4793 solus.
1092 4734 1157 4793 (err.
1178 4730 1303 4802 typogr.)
1340 4730 1393 4800 (¹2)
1411 4757 1450 4781 ¹··-·
1468 4746 1540 4782 con-

208 4807 344 4852 traxerat
363 4799 432 4853 Cdd.
453 4799 519 4870 aliq.
538 4800 570 4852 V.
590 4798 625 4852 D.
652 4790 702 4871 (1³)
723 4797 771 4852 Sio
790 4796 858 4851 Cdd.
880 4799 944 4872 aliq.
964 4806 996 4857 B.
1017 4800 1053 4858 G.
1069 4811 1095 4857 2.
1114 4834 1151 4848 -
1167 4807 1335 4858 admoverat
1348 4807 1383 4859 H.
1396 4808 1431 4860 V.
1446 4808 1490 4860 Μ.
1504 4806 1540 4858 D.

179 4926 183 4931 ,
208 4881 394 4948 1.-pngno
408 4875 575 4927 admoverat
592 4874 625 4926 L.
645 4873 681 4931 C.
716 4875 764 4940 (¹¹⁴)
785 4873 832 4927 Sic
849 4874 920 4930 Cdd.
933 4878 1029 4951 pleriq.
1049 4878 1101 4933 Ed.
1120 4884 1202 4939 1471.
1221 4883 1251 4934 Β.
1272 4882 1307 4934 H.
1323 4883 1358 4934 D.
1378 4881 1414 4935 Ga
1434 4910 1472 4924 --
1494 4884 1541 4953 qui

207 4954 348 5021 sapientes
366 4957 434 5016 sint,
455 4948 628 5019 atctfueriut
644 4948 712 5006 ctd.
728 4951 816 5004 Paris.
835 4951 902 5005 Ern.
921 4962 947 5010 1.
961 4961 988 5025 2.
999 4982 1034 4996 -
1048 4953 1100 5025 quei
1109 4962 1224 5029 sapietur
1233 4962 1283 5022 art,
1297 4954 1455 5028 antestaret
1469 4954 1539 5013 Cdd.

210 5023 274 5098 aliq.
293 5028 328 5080 V.
348 5030 391 5084 M.
411 5030 442 5081 Ι..
463 5029 544 5083 Grut.
583 5021 633 5098 (¹⁵)
653 5051 688 5067 -
708 5041 797 5097 neptae·
813 5027 846 5083 t..
867 5056 903 5078 -μ
922 5037 951 5081 et
969 5031 1004 5101 D.
1025 5047 1099 5105 susp.
