<?xml version="1.0" encoding="UTF-8"?>
<!DOCTYPE html PUBLIC "-//W3C//DTD XHTML 1.0 Transitional//EN"
    "http://www.w3.org/TR/xhtml1/DTD/xhtml1-transitional.dtd">
<html xmlns="http://www.w3.org/1999/xhtml" xml:lang="en" lang="en">
 <head>
  <title>
</title>
<meta http-equiv="Content-Type" content="text/html;charset=utf-8" />
  <meta name='ocr-system' content='tesseract 3.04.00' />
  <meta name='ocr-capabilities' content='ocr_page ocr_carea ocr_par ocr_line ocrx_word'/>
</head>
<body>
  <div class='ocr_page' id='page_1' title='image "./mtulliiciceroni01orelgoog_0217.png"; bbox 0 0 3188 5492; ppageno 0'>
   <div class='ocr_carea' id='block_1_1' title="bbox 168 400 1285 493">
    <p class='ocr_par' dir='ltr' id='par_1_1' title="bbox 168 400 1285 493">
     <span class='ocr_line' id='line_1_1' title="bbox 168 400 1285 493; baseline 0.001 -28"><span class='ocrx_word' id='word_1_1' title='bbox 168 400 234 465; x_wconf 72' lang='grc'><strong>210</strong></span> <span class='ocrx_word' id='word_1_2' title='bbox 390 404 454 493; x_wconf 87' lang='lat' dir='ltr'><strong>DE</strong></span> <span class='ocrx_word' id='word_1_3' title='bbox 478 402 663 471; x_wconf 84' lang='lat' dir='ltr'><strong>FINIBUS</strong></span> <span class='ocrx_word' id='word_1_4' title='bbox 685 403 923 469; x_wconf 85' lang='lat' dir='ltr'><strong>BONORUM</strong></span> <span class='ocrx_word' id='word_1_5' title='bbox 951 403 1014 468; x_wconf 85' lang='grc' dir='ltr'><strong>ΕΤ</strong></span> <span class='ocrx_word' id='word_1_6' title='bbox 1037 402 1285 467; x_wconf 83' lang='lat' dir='ltr'><strong>MALORUM</strong></span> 
     </span>
    </p>
   </div>
   <div class='ocr_carea' id='block_1_2' title="bbox 165 543 1523 1665">
    <p class='ocr_par' dir='ltr' id='par_1_2' title="bbox 169 543 1509 891">
     <span class='ocr_line' id='line_1_2' title="bbox 170 543 1505 635; baseline 0 -28"><span class='ocrx_word' id='word_1_7' title='bbox 170 543 241 627; x_wconf 86' lang='lat' dir='ltr'><strong>ipsa</strong></span> <span class='ocrx_word' id='word_1_8' title='bbox 261 545 382 626; x_wconf 85' lang='lat' dir='ltr'><strong>patria,</strong></span> <span class='ocrx_word' id='word_1_9' title='bbox 412 558 491 609; x_wconf 90' lang='lat' dir='ltr'><strong>sunt</strong></span> <span class='ocrx_word' id='word_1_10' title='bbox 512 544 583 609; x_wconf 69' lang='lat' dir='ltr'><strong>illu</strong></span> <span class='ocrx_word' id='word_1_11' title='bbox 607 545 733 629; x_wconf 90' lang='lat' dir='ltr'><strong>quidem</strong></span> <span class='ocrx_word' id='word_1_12' title='bbox 754 568 812 609; x_wconf 86' lang='lat' dir='ltr'><strong>sua</strong></span> <span class='ocrx_word' id='word_1_13' title='bbox 834 556 957 628; x_wconf 84' lang='lat' dir='ltr'><strong>sponte</strong></span> <span class='ocrx_word' id='word_1_14' title='bbox 972 565 1065 621; x_wconf 87' lang='lat' dir='ltr'><strong>cara,</strong></span> <span class='ocrx_word' id='word_1_15' title='bbox 1099 545 1157 607; x_wconf 92' lang='lat' dir='ltr'><strong>sed</strong></span> <span class='ocrx_word' id='word_1_16' title='bbox 1179 545 1291 607; x_wconf 88' lang='lat' dir='ltr'><strong>eodem</strong></span> <span class='ocrx_word' id='word_1_17' title='bbox 1314 543 1346 606; x_wconf 93' lang='lat' dir='ltr'><strong>in</strong></span> <span class='ocrx_word' id='word_1_18' title='bbox 1371 564 1505 635; x_wconf 71' lang='lat' dir='ltr'><strong>genere,</strong></span> 
     </span>
     <span class='ocr_line' id='line_1_3' title="bbox 172 638 1508 724; baseline 0 -23"><span class='ocrx_word' id='word_1_19' title='bbox 172 659 238 724; x_wconf 92' lang='lat' dir='ltr'><strong>quo</strong></span> <span class='ocrx_word' id='word_1_20' title='bbox 252 639 326 714; x_wconf 86' lang='lat' dir='ltr'><strong>illa,</strong></span> <span class='ocrx_word' id='word_1_21' title='bbox 350 660 414 701; x_wconf 87' lang='lat' dir='ltr'><strong>uon</strong></span> <span class='ocrx_word' id='word_1_22' title='bbox 428 652 516 703; x_wconf 84' lang='lat' dir='ltr'><strong>suut.</strong></span> <span class='ocrx_word' id='word_1_23' title='bbox 549 641 624 705; x_wconf 84' lang='lat' dir='ltr'><strong>Nec</strong></span> <span class='ocrx_word' id='word_1_24' title='bbox 641 662 722 705; x_wconf 79' lang='lat' dir='ltr'><strong>sero</strong></span> <span class='ocrx_word' id='word_1_25' title='bbox 737 641 903 724; x_wconf 87' lang='lat' dir='ltr'><strong>quisquam</strong></span> <span class='ocrx_word' id='word_1_26' title='bbox 919 661 1075 703; x_wconf 88' lang='lat' dir='ltr'><strong>summum</strong></span> <span class='ocrx_word' id='word_1_27' title='bbox 1090 640 1211 702; x_wconf 88' lang='lat' dir='ltr'><strong>honum</strong></span> <span class='ocrx_word' id='word_1_28' title='bbox 1227 638 1358 724; x_wconf 86' lang='lat' dir='ltr'><strong>assequi</strong></span> <span class='ocrx_word' id='word_1_29' title='bbox 1372 659 1508 722; x_wconf 82' lang='lat' dir='ltr'><strong>unquam</strong></span> 
     </span>
     <span class='ocr_line' id='line_1_4' title="bbox 170 733 1509 822; baseline -0.001 -26"><span class='ocrx_word' id='word_1_30' title='bbox 170 745 299 815; x_wconf 88' lang='lat' dir='ltr'><strong>posset,</strong></span> <span class='ocrx_word' id='word_1_31' title='bbox 332 733 359 797; x_wconf 91' lang='lat' dir='ltr'><strong>si</strong></span> <span class='ocrx_word' id='word_1_32' title='bbox 382 733 487 797; x_wconf 80' lang='lat' dir='ltr'><strong>omnis</strong></span> <span class='ocrx_word' id='word_1_33' title='bbox 509 733 583 810; x_wconf 86' lang='lat' dir='ltr'><strong>illa,</strong></span> <span class='ocrx_word' id='word_1_34' title='bbox 613 756 696 822; x_wconf 82' lang='lat' dir='ltr'><strong>quae</strong></span> <span class='ocrx_word' id='word_1_35' title='bbox 717 747 791 798; x_wconf 83' lang='lat' dir='ltr'><strong>sum</strong></span> <span class='ocrx_word' id='word_1_36' title='bbox 813 747 924 810; x_wconf 74' lang='lat' dir='ltr'><strong>extre,</strong></span> <span class='ocrx_word' id='word_1_37' title='bbox 948 753 1140 818; x_wconf 84' lang='lat' dir='ltr'><strong>quamquam</strong></span> <span class='ocrx_word' id='word_1_38' title='bbox 1162 735 1361 815; x_wconf 77' lang='lat' dir='ltr'><strong>expetenda,</strong></span> <span class='ocrx_word' id='word_1_39' title='bbox 1388 752 1509 795; x_wconf 89' lang='lat' dir='ltr'><strong>summo</strong></span> 
     </span>
     <span class='ocr_line' id='line_1_5' title="bbox 169 827 932 891; baseline 0.003 -1"><span class='ocrx_word' id='word_1_40' title='bbox 169 827 259 890; x_wconf 79' lang='lat' dir='ltr'><strong>bono</strong></span> <span class='ocrx_word' id='word_1_41' title='bbox 279 827 531 891; x_wconf 80' lang='lat' dir='ltr'><strong>continerentur.</strong></span> <span class='ocrx_word' id='word_1_42' title='bbox 928 870 932 879; x_wconf 78' lang='lat'><em>,</em></span> 
     </span>
    </p>

    <p class='ocr_par' dir='ltr' id='par_1_3' title="bbox 165 918 1523 1665">
     <span class='ocr_line' id='line_1_6' title="bbox 165 918 1512 1009; baseline -0.003 -24"><span class='ocrx_word' id='word_1_43' title='bbox 165 978 168 985; x_wconf 91' lang='lat'><strong>.</strong></span> <span class='ocrx_word' id='word_1_44' title='bbox 256 921 393 984; x_wconf 86' lang='lat' dir='ltr'><strong>XXIV.</strong></span> <span class='ocrx_word' id='word_1_45' title='bbox 418 921 472 985; x_wconf 77' lang='lat'><strong>69.</strong></span> <span class='ocrx_word' id='word_1_46' title='bbox 496 922 572 1003; x_wconf 84' lang='lat' dir='ltr'><strong>Quo</strong></span> <span class='ocrx_word' id='word_1_47' title='bbox 592 922 688 989; x_wconf 90' lang='lat' dir='ltr'><strong>modo</strong></span> <span class='ocrx_word' id='word_1_48' title='bbox 710 923 827 1009; x_wconf 79' lang='lat' dir='ltr'><strong>igitur,</strong></span> <span class='ocrx_word' id='word_1_49' title='bbox 851 920 994 1007; x_wconf 85' lang='lat' dir='ltr'><strong>inquies,</strong></span> <span class='ocrx_word' id='word_1_50' title='bbox 1016 942 1128 984; x_wconf 74' lang='lat' dir='ltr'><strong>verium</strong></span> <span class='ocrx_word' id='word_1_51' title='bbox 1144 941 1221 1001; x_wconf 83' lang='lat' dir='ltr'><strong>esse</strong></span> <span class='ocrx_word' id='word_1_52' title='bbox 1239 920 1383 1002; x_wconf 84' lang='lat' dir='ltr'><strong>poterit,</strong></span> <span class='ocrx_word' id='word_1_53' title='bbox 1409 918 1512 982; x_wconf 89' lang='lat' dir='ltr'><strong>omnia</strong></span> 
     </span>
     <span class='ocr_line' id='line_1_7' title="bbox 170 1012 1512 1098; baseline -0.001 -24"><span class='ocrx_word' id='word_1_54' title='bbox 170 1012 287 1076; x_wconf 85' lang='lat' dir='ltr'><strong>referri</strong></span> <span class='ocrx_word' id='word_1_55' title='bbox 309 1016 349 1076; x_wconf 91' lang='lat' dir='ltr'><strong>ad</strong></span> <span class='ocrx_word' id='word_1_56' title='bbox 370 1037 523 1079; x_wconf 89' lang='lat' dir='ltr'><strong>summum</strong></span> <span class='ocrx_word' id='word_1_57' title='bbox 547 1020 689 1093; x_wconf 86' lang='lat' dir='ltr'><strong>honum,</strong></span> <span class='ocrx_word' id='word_1_58' title='bbox 720 1019 748 1081; x_wconf 88' lang='lat' dir='ltr'><strong>si</strong></span> <span class='ocrx_word' id='word_1_59' title='bbox 770 1017 946 1091; x_wconf 76' lang='lat' dir='ltr'><strong>amicitiae,</strong></span> <span class='ocrx_word' id='word_1_60' title='bbox 978 1014 1005 1078; x_wconf 93' lang='lat' dir='ltr'><strong>si</strong></span> <span class='ocrx_word' id='word_1_61' title='bbox 1026 1013 1303 1098; x_wconf 80' lang='lat' dir='ltr'><strong>propinquitates,</strong></span> <span class='ocrx_word' id='word_1_62' title='bbox 1339 1012 1512 1094; x_wconf 77' lang='lat' dir='ltr'><strong>sir-eliqua</strong></span> 
     </span>
     <span class='ocr_line' id='line_1_8' title="bbox 172 1109 1511 1193; baseline 0.001 -24"><span class='ocrx_word' id='word_1_63' title='bbox 172 1119 304 1171; x_wconf 85' lang='lat' dir='ltr'><strong>externa</strong></span> <span class='ocrx_word' id='word_1_64' title='bbox 326 1130 451 1173; x_wconf 89' lang='lat' dir='ltr'><strong>summo</strong></span> <span class='ocrx_word' id='word_1_65' title='bbox 474 1112 562 1175; x_wconf 85' lang='lat' dir='ltr'><strong>bono</strong></span> <span class='ocrx_word' id='word_1_66' title='bbox 585 1133 649 1176; x_wconf 91' lang='lat' dir='ltr'><strong>non</strong></span> <span class='ocrx_word' id='word_1_67' title='bbox 672 1110 899 1177; x_wconf 80' lang='lat' dir='ltr'><strong>continentur?</strong></span> <span class='ocrx_word' id='word_1_68' title='bbox 922 1111 996 1174; x_wconf 84' lang='lat' dir='ltr'><strong>Han</strong></span> <span class='ocrx_word' id='word_1_69' title='bbox 1017 1109 1168 1174; x_wconf 80' lang='lat' dir='ltr'><strong>‘videlieet</strong></span> <span class='ocrx_word' id='word_1_70' title='bbox 1187 1109 1331 1173; x_wconf 86' lang='lat' dir='ltr'><strong>ratione:</strong></span> <span class='ocrx_word' id='word_1_71' title='bbox 1354 1109 1453 1193; x_wconf 88' lang='lat' dir='ltr'><strong>quod</strong></span> <span class='ocrx_word' id='word_1_72' title='bbox 1467 1128 1511 1180; x_wconf 79' lang='lat' dir='ltr'><strong>ea,</strong></span> 
     </span>
     <span class='ocr_line' id='line_1_9' title="bbox 171 1200 1514 1290; baseline -0.004 -25"><span class='ocrx_word' id='word_1_73' title='bbox 171 1223 253 1285; x_wconf 84' lang='lat' dir='ltr'><strong>quae</strong></span> <span class='ocrx_word' id='word_1_74' title='bbox 276 1216 410 1267; x_wconf 83' lang='lat' dir='ltr'><strong>externa</strong></span> <span class='ocrx_word' id='word_1_75' title='bbox 432 1216 524 1279; x_wconf 89' lang='lat' dir='ltr'><strong>sunt,</strong></span> <span class='ocrx_word' id='word_1_76' title='bbox 562 1205 602 1270; x_wconf 90' lang='lat' dir='ltr'><strong>iis</strong></span> <span class='ocrx_word' id='word_1_77' title='bbox 624 1218 750 1269; x_wconf 82' lang='lat' dir='ltr'><strong>tuemur</strong></span> <span class='ocrx_word' id='word_1_78' title='bbox 778 1206 923 1282; x_wconf 67' lang='lat' dir='ltr'><strong>officiet,</strong></span> <span class='ocrx_word' id='word_1_79' title='bbox 962 1224 1043 1290; x_wconf 87' lang='lat' dir='ltr'><strong>quae</strong></span> <span class='ocrx_word' id='word_1_80' title='bbox 1065 1203 1212 1266; x_wconf 80' lang='lat' dir='ltr'><strong>oriuntur</strong></span> <span class='ocrx_word' id='word_1_81' title='bbox 1234 1224 1253 1265; x_wconf 88' lang='lat' dir='ltr'><strong>a</strong></span> <span class='ocrx_word' id='word_1_82' title='bbox 1273 1223 1334 1265; x_wconf 88' lang='lat' dir='ltr'><strong>suo</strong></span> <span class='ocrx_word' id='word_1_83' title='bbox 1356 1200 1514 1284; x_wconf 70' lang='lat' dir='ltr'><strong>citiusque</strong></span> 
     </span>
     <span class='ocr_line' id='line_1_10' title="bbox 172 1294 1514 1382; baseline -0.003 -23"><span class='ocrx_word' id='word_1_84' title='bbox 172 1317 291 1381; x_wconf 80' lang='lat' dir='ltr'><strong>genere</strong></span> <span class='ocrx_word' id='word_1_85' title='bbox 314 1297 455 1361; x_wconf 81' lang='lat' dir='ltr'><strong>virtutis.</strong></span> <span class='ocrx_word' id='word_1_86' title='bbox 494 1302 576 1363; x_wconf 85' lang='lat' dir='ltr'><strong>Nam</strong></span> <span class='ocrx_word' id='word_1_87' title='bbox 600 1312 632 1363; x_wconf 91' lang='lat' dir='ltr'><strong>et</strong></span> <span class='ocrx_word' id='word_1_88' title='bbox 653 1301 745 1364; x_wconf 89' lang='lat' dir='ltr'><strong>amici</strong></span> <span class='ocrx_word' id='word_1_89' title='bbox 763 1303 899 1374; x_wconf 79' lang='lat' dir='ltr'><strong>cultus³,</strong></span> <span class='ocrx_word' id='word_1_90' title='bbox 924 1310 956 1363; x_wconf 86' lang='lat' dir='ltr'><strong>ei</strong></span> <span class='ocrx_word' id='word_1_91' title='bbox 970 1299 1114 1382; x_wconf 85' lang='lat' dir='ltr'><strong>parentis</strong></span> <span class='ocrx_word' id='word_1_92' title='bbox 1136 1299 1220 1372; x_wconf 77' lang='lat' dir='ltr'><strong>†et&#39;⁴</strong></span> <span class='ocrx_word' id='word_1_93' title='bbox 1236 1296 1295 1381; x_wconf 90' lang='lat' dir='ltr'><strong>qui</strong></span> <span class='ocrx_word' id='word_1_94' title='bbox 1313 1296 1428 1360; x_wconf 90' lang='lat' dir='ltr'><strong>officio</strong></span> <span class='ocrx_word' id='word_1_95' title='bbox 1443 1294 1514 1359; x_wconf 75' lang='lat' dir='ltr'><strong>siin·</strong></span> 
     </span>
     <span class='ocr_line' id='line_1_11' title="bbox 174 1390 1512 1479; baseline -0.007 -24"><span class='ocrx_word' id='word_1_96' title='bbox 174 1394 281 1475; x_wconf 80' lang='lat' dir='ltr'><strong>gitur,</strong></span> <span class='ocrx_word' id='word_1_97' title='bbox 306 1391 338 1453; x_wconf 93' lang='lat' dir='ltr'><strong>in</strong></span> <span class='ocrx_word' id='word_1_98' title='bbox 360 1412 400 1454; x_wconf 91' lang='lat' dir='ltr'><strong>eo</strong></span> <span class='ocrx_word' id='word_1_99' title='bbox 422 1392 494 1474; x_wconf 93' lang='lat' dir='ltr'><strong>ipso</strong></span> <span class='ocrx_word' id='word_1_100' title='bbox 516 1398 669 1476; x_wconf 82' lang='lat' dir='ltr'><strong>prodest,</strong></span> <span class='ocrx_word' id='word_1_101' title='bbox 693 1397 801 1479; x_wconf 88' lang='lat' dir='ltr'><strong>quod,</strong></span> <span class='ocrx_word' id='word_1_102' title='bbox 826 1396 868 1458; x_wconf 85' lang='lat' dir='ltr'><strong>ita</strong></span> <span class='ocrx_word' id='word_1_103' title='bbox 889 1393 983 1478; x_wconf 76' lang='lat' dir='ltr'><strong>fungi</strong></span> <span class='ocrx_word' id='word_1_104' title='bbox 1005 1391 1133 1466; x_wconf 85' lang='lat' dir='ltr'><strong>officio,</strong></span> <span class='ocrx_word' id='word_1_105' title='bbox 1162 1392 1195 1452; x_wconf 91' lang='lat' dir='ltr'><strong>in</strong></span> <span class='ocrx_word' id='word_1_106' title='bbox 1217 1402 1302 1453; x_wconf 89' lang='lat' dir='ltr'><strong>recte</strong></span> <span class='ocrx_word' id='word_1_107' title='bbox 1324 1390 1426 1452; x_wconf 81' lang='lat' dir='ltr'><strong>factis</strong></span> <span class='ocrx_word' id='word_1_108' title='bbox 1450 1399 1512 1451; x_wconf 88' lang='lat' dir='ltr'><strong>est:</strong></span> 
     </span>
     <span class='ocr_line' id='line_1_12' title="bbox 171 1486 1523 1571; baseline -0.004 -23"><span class='ocrx_word' id='word_1_109' title='bbox 171 1496 349 1571; x_wconf 85' lang='lat' dir='ltr'><strong>quaesunt</strong></span> <span class='ocrx_word' id='word_1_110' title='bbox 376 1498 446 1549; x_wconf 82' lang='lat' dir='ltr'><strong>orta</strong></span> <span class='ocrx_word' id='word_1_111' title='bbox 470 1488 656 1551; x_wconf 85' lang='lat' dir='ltr'><strong>virtutibus.</strong></span> <span class='ocrx_word' id='word_1_112' title='bbox 701 1489 793 1569; x_wconf 82' lang='lat' dir='ltr'><strong>Quae</strong></span> <span class='ocrx_word' id='word_1_113' title='bbox 818 1489 943 1571; x_wconf 90' lang='lat' dir='ltr'><strong>quidem</strong></span> <span class='ocrx_word' id='word_1_114' title='bbox 969 1486 1127 1568; x_wconf 81' lang='lat' dir='ltr'><strong>sapientes</strong></span> <span class='ocrx_word' id='word_1_115' title='bbox 1155 1495 1353 1568; x_wconf 86' lang='lat' dir='ltr'><strong>sequuntur,</strong></span> <span class='ocrx_word' id='word_1_116' title='bbox 1388 1491 1523 1545; x_wconf 70' lang='lat' dir='ltr'><strong>utentes,</strong></span> 
     </span>
     <span class='ocr_line' id='line_1_13' title="bbox 171 1576 1515 1665; baseline -0.003 -24"><span class='ocrx_word' id='word_1_117' title='bbox 171 1590 329 1660; x_wconf 80' lang='lat' dir='ltr'><strong>tamquam</strong></span> <span class='ocrx_word' id='word_1_118' title='bbox 357 1582 439 1645; x_wconf 90' lang='lat' dir='ltr'><strong>duce</strong></span> <span class='ocrx_word' id='word_1_119' title='bbox 469 1593 594 1644; x_wconf 77' lang='lat' dir='ltr'><strong>nature.</strong></span> <span class='ocrx_word' id='word_1_120' title='bbox 641 1585 715 1646; x_wconf 90' lang='lat' dir='ltr'><strong>Non</strong></span> <span class='ocrx_word' id='word_1_121' title='bbox 738 1582 875 1665; x_wconf 84' lang='lat' dir='ltr'><strong>perfecti</strong></span> <span class='ocrx_word' id='word_1_122' title='bbox 894 1594 998 1646; x_wconf 87' lang='lat' dir='ltr'><strong>autem</strong></span> <span class='ocrx_word' id='word_1_123' title='bbox 1017 1579 1182 1655; x_wconf 90' lang='lat' dir='ltr'><strong>homiues,</strong></span> <span class='ocrx_word' id='word_1_124' title='bbox 1206 1591 1239 1640; x_wconf 87' lang='lat' dir='ltr'><strong>et</strong></span> <span class='ocrx_word' id='word_1_125' title='bbox 1257 1576 1515 1661; x_wconf 81' lang='lat' dir='ltr'><strong>tameningeniis</strong></span> 
     </span>
    </p>
   </div>
   <div class='ocr_carea' id='block_1_3' title="bbox 70 1671 1516 1765">
    <p class='ocr_par' dir='ltr' id='par_1_4' title="bbox 70 1671 1516 1765">
     <span class='ocr_line' id='line_1_14' title="bbox 70 1671 1516 1765; baseline -0.001 -31"><span class='ocrx_word' id='word_1_126' title='bbox 70 1758 75 1765; x_wconf 79' lang='lat'><strong>.</strong></span> <span class='ocrx_word' id='word_1_127' title='bbox 170 1674 400 1761; x_wconf 84' lang='lat' dir='ltr'><strong>excellentibus</strong></span> <span class='ocrx_word' id='word_1_128' title='bbox 417 1673 566 1756; x_wconf 90' lang='lat' dir='ltr'><strong>praediti,</strong></span> <span class='ocrx_word' id='word_1_129' title='bbox 590 1674 770 1739; x_wconf 81' lang='lat' dir='ltr'><strong>excitantur</strong></span> <span class='ocrx_word' id='word_1_130' title='bbox 784 1696 878 1759; x_wconf 89' lang='lat' dir='ltr'><strong>saepe</strong></span> <span class='ocrx_word' id='word_1_131' title='bbox 895 1676 1040 1762; x_wconf 80' lang='lat' dir='ltr'><strong>gloria⁵z</strong></span> <span class='ocrx_word' id='word_1_132' title='bbox 1065 1696 1149 1759; x_wconf 84' lang='lat' dir='ltr'><strong>quae</strong></span> <span class='ocrx_word' id='word_1_133' title='bbox 1164 1676 1260 1737; x_wconf 86' lang='lat' dir='ltr'><strong>habet</strong></span> <span class='ocrx_word' id='word_1_134' title='bbox 1275 1671 1443 1736; x_wconf 76' lang='lat' dir='ltr'><strong>sormam⁶</strong></span> <span class='ocrx_word' id='word_1_135' title='bbox 1458 1672 1516 1733; x_wconf 82' lang='lat' dir='ltr'><strong>lao-</strong></span> 
     </span>
    </p>
   </div>
   <div class='ocr_carea' id='block_1_4' title="bbox 86 1766 1594 3740">
    <p class='ocr_par' dir='ltr' id='par_1_5' title="bbox 148 1766 1525 2326">
     <span class='ocr_line' id='line_1_15' title="bbox 170 1766 1514 1854; baseline -0.003 -25"><span class='ocrx_word' id='word_1_136' title='bbox 170 1769 300 1831; x_wconf 84' lang='lat' dir='ltr'><strong>nestatis</strong></span> <span class='ocrx_word' id='word_1_137' title='bbox 323 1780 354 1831; x_wconf 88' lang='lat' dir='ltr'><strong>et</strong></span> <span class='ocrx_word' id='word_1_138' title='bbox 376 1767 624 1833; x_wconf 85' lang='lat' dir='ltr'><strong>similitudinem.</strong></span> <span class='ocrx_word' id='word_1_139' title='bbox 663 1770 762 1850; x_wconf 83' lang='lat' dir='ltr'><strong>Quod</strong></span> <span class='ocrx_word' id='word_1_140' title='bbox 783 1772 811 1834; x_wconf 89' lang='lat' dir='ltr'><strong>si</strong></span> <span class='ocrx_word' id='word_1_141' title='bbox 833 1774 933 1854; x_wconf 79' lang='lat' dir='ltr'><strong>ipsam</strong></span> <span class='ocrx_word' id='word_1_142' title='bbox 954 1774 1153 1839; x_wconf 71' lang='lat' dir='ltr'><strong>honestatem</strong></span> <span class='ocrx_word' id='word_1_143' title='bbox 1176 1768 1316 1852; x_wconf 84' lang='lat' dir='ltr'><strong>undique</strong></span> <span class='ocrx_word' id='word_1_144' title='bbox 1331 1766 1514 1848; x_wconf 72' lang='lat' dir='ltr'><strong>perfectam</strong></span> 
     </span>
     <span class='ocr_line' id='line_1_16' title="bbox 148 1861 1517 1947; baseline -0.005 -22"><span class='ocrx_word' id='word_1_145' title='bbox 148 1906 151 1911; x_wconf 54' lang='lat'>&lt;</span> <span class='ocrx_word' id='word_1_146' title='bbox 171 1862 289 1944; x_wconf 81' lang='lat' dir='ltr'><strong>atque⁷</strong></span> <span class='ocrx_word' id='word_1_147' title='bbox 301 1862 491 1938; x_wconf 78' lang='lat' dir='ltr'><strong>absolutam,</strong></span> <span class='ocrx_word' id='word_1_148' title='bbox 514 1879 692 1927; x_wconf 81' lang='lat' dir='ltr'><strong>remunam</strong></span> <span class='ocrx_word' id='word_1_149' title='bbox 709 1865 993 1947; x_wconf 69' lang='lat' dir='ltr'><strong>praeclarissimam</strong></span> <span class='ocrx_word' id='word_1_150' title='bbox 1010 1866 1148 1930; x_wconf 72' lang='lat' dir='ltr'><strong>omnuim</strong></span> <span class='ocrx_word' id='word_1_151' title='bbox 1161 1865 1363 1946; x_wconf 77' lang='lat' dir='ltr'><strong>maximeque</strong></span> <span class='ocrx_word' id='word_1_152' title='bbox 1379 1861 1517 1923; x_wconf 88' lang='lat' dir='ltr'><strong>laudau-</strong></span> 
     </span>
     <span class='ocr_line' id='line_1_17' title="bbox 170 1944 1515 2043; baseline -0.006 -22"><span class='ocrx_word' id='word_1_153' title='bbox 170 1958 254 2029; x_wconf 84' lang='lat' dir='ltr'><strong>dsm,</strong></span> <span class='ocrx_word' id='word_1_154' title='bbox 277 1956 402 2036; x_wconf 86' lang='lat' dir='ltr'><strong>penitus</strong></span> <span class='ocrx_word' id='word_1_155' title='bbox 422 1944 589 2040; x_wconf 74' lang='lat' dir='ltr'><strong>uidereri13</strong></span> <span class='ocrx_word' id='word_1_156' title='bbox 612 1978 751 2042; x_wconf 89' lang='lat' dir='ltr'><strong>quonam</strong></span> <span class='ocrx_word' id='word_1_157' title='bbox 768 1959 885 2043; x_wconf 80' lang='lat' dir='ltr'><strong>gaudio</strong></span> <span class='ocrx_word' id='word_1_158' title='bbox 906 1959 1170 2041; x_wconf 76' lang='lat' dir='ltr'><strong>complerentur„</strong></span> <span class='ocrx_word' id='word_1_159' title='bbox 1185 1976 1284 2042; x_wconf 73' lang='lat' dir='ltr'><strong>qutun</strong></span> <span class='ocrx_word' id='word_1_160' title='bbox 1301 1966 1396 2017; x_wconf 86' lang='lat' dir='ltr'><strong>tanto</strong></span> <span class='ocrx_word' id='word_1_161' title='bbox 1415 1971 1515 2034; x_wconf 85' lang='lat' dir='ltr'><strong>opere</strong></span> 
     </span>
     <span class='ocr_line' id='line_1_18' title="bbox 172 2047 1514 2135; baseline -0.003 -24"><span class='ocrx_word' id='word_1_162' title='bbox 172 2048 238 2111; x_wconf 91' lang='lat' dir='ltr'><strong>eius</strong></span> <span class='ocrx_word' id='word_1_163' title='bbox 254 2051 440 2115; x_wconf 74' lang='lat' dir='ltr'><strong>adumbrate</strong></span> <span class='ocrx_word' id='word_1_164' title='bbox 454 2051 608 2134; x_wconf 87' lang='lat' dir='ltr'><strong>opinione</strong></span> <span class='ocrx_word' id='word_1_165' title='bbox 622 2054 806 2116; x_wconf 75' lang='lat' dir='ltr'><strong>laetentur?</strong></span> <span class='ocrx_word' id='word_1_166' title='bbox 829 2056 882 2117; x_wconf 81' lang='lat' dir='ltr'><strong>to.</strong></span> <span class='ocrx_word' id='word_1_167' title='bbox 898 2056 1001 2135; x_wconf 79' lang='lat' dir='ltr'><strong>Quem</strong></span> <span class='ocrx_word' id='word_1_168' title='bbox 1018 2054 1100 2117; x_wconf 90' lang='lat' dir='ltr'><strong>enim</strong></span> <span class='ocrx_word' id='word_1_169' title='bbox 1118 2052 1257 2116; x_wconf 85' lang='lat' dir='ltr'><strong>deditum</strong></span> <span class='ocrx_word' id='word_1_170' title='bbox 1272 2047 1514 2129; x_wconf 79' lang='lat' dir='ltr'><strong>voluptatibus,</strong></span> 
     </span>
     <span class='ocr_line' id='line_1_19' title="bbox 172 2143 1525 2230; baseline -0.001 -26"><span class='ocrx_word' id='word_1_171' title='bbox 172 2143 287 2226; x_wconf 83' lang='lat' dir='ltr'><strong>quem⁸</strong></span> <span class='ocrx_word' id='word_1_172' title='bbox 309 2143 514 2225; x_wconf 82' lang='lat' dir='ltr'><strong>cupiditatum</strong></span> <span class='ocrx_word' id='word_1_173' title='bbox 529 2145 681 2209; x_wconf 84' lang='lat' dir='ltr'><strong>incendiis</strong></span> <span class='ocrx_word' id='word_1_174' title='bbox 695 2148 929 2224; x_wconf 70' lang='lat' dir='ltr'><strong>inflammatum,</strong></span> <span class='ocrx_word' id='word_1_175' title='bbox 946 2149 980 2212; x_wconf 88' lang='lat' dir='ltr'><strong>in</strong></span> <span class='ocrx_word' id='word_1_176' title='bbox 993 2148 1052 2211; x_wconf 84' lang='lat' dir='ltr'><strong>iis⁹</strong></span> <span class='ocrx_word' id='word_1_177' title='bbox 1066 2147 1239 2230; x_wconf 80' lang='lat' dir='ltr'><strong>potiendis,</strong></span> <span class='ocrx_word' id='word_1_178' title='bbox 1256 2166 1339 2228; x_wconf 82' lang='lat' dir='ltr'><strong>quae</strong></span> <span class='ocrx_word' id='word_1_179' title='bbox 1355 2143 1525 2205; x_wconf 73' lang='lat' dir='ltr'><strong>acerrimel</strong></span> 
     </span>
     <span class='ocr_line' id='line_1_20' title="bbox 173 2236 1517 2326; baseline -0.003 -26"><span class='ocrx_word' id='word_1_180' title='bbox 173 2237 428 2320; x_wconf 76' lang='lat' dir='ltr'><strong>concupivisset,</strong></span> <span class='ocrx_word' id='word_1_181' title='bbox 451 2252 537 2304; x_wconf 81' lang='lat' dir='ltr'><strong>tants</strong></span> <span class='ocrx_word' id='word_1_182' title='bbox 559 2241 679 2305; x_wconf 87' lang='lat' dir='ltr'><strong>laetitia</strong></span> <span class='ocrx_word' id='word_1_183' title='bbox 701 2244 852 2326; x_wconf 80' lang='lat' dir='ltr'><strong>perfundi</strong></span> <span class='ocrx_word' id='word_1_184' title='bbox 869 2242 1081 2317; x_wconf 81' lang='lat' dir='ltr'><strong>arbitremur,</strong></span> <span class='ocrx_word' id='word_1_185' title='bbox 1105 2252 1221 2325; x_wconf 88' lang='lat' dir='ltr'><strong>quanta</strong></span> <span class='ocrx_word' id='word_1_186' title='bbox 1236 2249 1291 2303; x_wconf 81' lang='lat' dir='ltr'><strong>suu</strong></span> <span class='ocrx_word' id='word_1_187' title='bbox 1303 2236 1517 2318; x_wconf 86' lang='lat' dir='ltr'><strong>superiorem</strong></span> 
     </span>
    </p>

    <p class='ocr_par' dir='ltr' id='par_1_6' title="bbox 86 2326 1594 3740">
     <span class='ocr_line' id='line_1_21' title="bbox 155 2326 1515 2421; baseline -0.004 -24"><span class='ocrx_word' id='word_1_188' title='bbox 155 2326 362 2397; x_wconf 76' lang='lat' dir='ltr'><strong>&#39;Africanum</strong></span> <span class='ocrx_word' id='word_1_189' title='bbox 380 2334 566 2407; x_wconf 67' lang='lat' dir='ltr'><strong>,Hannibale</strong></span> <span class='ocrx_word' id='word_1_190' title='bbox 587 2337 693 2412; x_wconf 81' lang='lat' dir='ltr'><strong>victo,</strong></span> <span class='ocrx_word' id='word_1_191' title='bbox 718 2351 770 2399; x_wconf 90' lang='lat' dir='ltr'><strong>aut</strong></span> <span class='ocrx_word' id='word_1_192' title='bbox 789 2338 1002 2421; x_wconf 79' lang='lat' dir='ltr'><strong>posteriorem</strong></span> <span class='ocrx_word' id='word_1_193' title='bbox 1026 2334 1227 2419; x_wconf 77' lang='lat' dir='ltr'><strong>Karthagine</strong></span> <span class='ocrx_word' id='word_1_194' title='bbox 1252 2329 1394 2395; x_wconf 81' lang='lat' dir='ltr'><strong>eversa?</strong></span> <span class='ocrx_word' id='word_1_195' title='bbox 1419 2351 1515 2414; x_wconf 90' lang='lat' dir='ltr'><strong>quem</strong></span> 
     </span>
     <span class='ocr_line' id='line_1_22' title="bbox 86 2412 1518 2516; baseline -0.006 -23"><span class='ocrx_word' id='word_1_196' title='bbox 86 2412 89 2437; x_wconf 72' lang='grc'><strong><em>’</em></strong></span> <span class='ocrx_word' id='word_1_197' title='bbox 175 2429 204 2491; x_wconf 87' lang='grc' dir='ltr'>Τ</span> <span class='ocrx_word' id='word_1_198' title='bbox 207 2426 328 2489; x_wconf 82' lang='lat' dir='ltr'><strong>iberius</strong></span> <span class='ocrx_word' id='word_1_199' title='bbox 344 2429 491 2495; x_wconf 77' lang='lat' dir='ltr'><strong>decursio</strong></span> <span class='ocrx_word' id='word_1_200' title='bbox 502 2432 541 2506; x_wconf 41' lang='lat'><strong>¹¹⁰,</strong></span> <span class='ocrx_word' id='word_1_201' title='bbox 564 2430 649 2495; x_wconf 84' lang='lat' dir='ltr'><strong>sesto</strong></span> <span class='ocrx_word' id='word_1_202' title='bbox 664 2433 721 2496; x_wconf 91' lang='lat' dir='ltr'><strong>illo</strong></span> <span class='ocrx_word' id='word_1_203' title='bbox 736 2431 805 2508; x_wconf 90' lang='lat' dir='ltr'><strong>die,</strong></span> <span class='ocrx_word' id='word_1_204' title='bbox 830 2444 918 2496; x_wconf 77' lang='lat' dir='ltr'><strong>tento</strong></span> <span class='ocrx_word' id='word_1_205' title='bbox 935 2431 1052 2516; x_wconf 82' lang='lat' dir='ltr'><strong>gaudio</strong></span> <span class='ocrx_word' id='word_1_206' title='bbox 1068 2430 1192 2504; x_wconf 82' lang='lat' dir='ltr'><strong>affecit,</strong></span> <span class='ocrx_word' id='word_1_207' title='bbox 1214 2437 1334 2511; x_wconf 88' lang='lat' dir='ltr'><strong>quanto</strong></span> <span class='ocrx_word' id='word_1_208' title='bbox 1350 2427 1397 2487; x_wconf 90' lang='lat' dir='ltr'><strong>L.</strong></span> <span class='ocrx_word' id='word_1_209' title='bbox 1415 2422 1518 2487; x_wconf 85' lang='lat' dir='ltr'><strong>Paul-</strong></span> 
     </span>
     <span class='ocr_line' id='line_1_23' title="bbox 175 2515 1517 2609; baseline -0.003 -27"><span class='ocrx_word' id='word_1_210' title='bbox 175 2523 258 2596; x_wconf 91' lang='lat' dir='ltr'><strong>lum,</strong></span> <span class='ocrx_word' id='word_1_211' title='bbox 284 2542 379 2603; x_wconf 87' lang='lat' dir='ltr'><strong>quum</strong></span> <span class='ocrx_word' id='word_1_212' title='bbox 395 2542 506 2608; x_wconf 83' lang='lat' dir='ltr'><strong>regem</strong></span> <span class='ocrx_word' id='word_1_213' title='bbox 526 2525 649 2589; x_wconf 88' lang='lat' dir='ltr'><strong>Persen</strong></span> <span class='ocrx_word' id='word_1_214' title='bbox 670 2522 797 2609; x_wconf 83' lang='lat' dir='ltr'><strong>captirm</strong></span> <span class='ocrx_word' id='word_1_215' title='bbox 812 2528 1001 2600; x_wconf 86' lang='lat' dir='ltr'><strong>adduceret,</strong></span> <span class='ocrx_word' id='word_1_216' title='bbox 1025 2527 1138 2589; x_wconf 90' lang='lat' dir='ltr'><strong>eodem</strong></span> <span class='ocrx_word' id='word_1_217' title='bbox 1159 2521 1286 2584; x_wconf 90' lang='lat' dir='ltr'><strong>flumine</strong></span> <span class='ocrx_word' id='word_1_218' title='bbox 1308 2515 1517 2582; x_wconf 59' lang='lat' dir='ltr'><strong>invectioni</strong></span> 
     </span>
     <span class='ocr_line' id='line_1_24' title="bbox 176 2612 1517 2699; baseline -0.004 -22"><span class='ocrx_word' id='word_1_219' title='bbox 176 2615 229 2676; x_wconf 81' lang='lat' dir='ltr'><strong>tt.</strong></span> <span class='ocrx_word' id='word_1_220' title='bbox 246 2615 321 2699; x_wconf 84' lang='lat' dir='ltr'><strong>Age</strong></span> <span class='ocrx_word' id='word_1_221' title='bbox 340 2619 551 2694; x_wconf 81' lang='lat' dir='ltr'><strong>nune,.ani</strong></span> <span class='ocrx_word' id='word_1_222' title='bbox 570 2631 680 2683; x_wconf 82' lang='lat' dir='ltr'><strong>noster</strong></span> <span class='ocrx_word' id='word_1_223' title='bbox 692 2648 714 2697; x_wconf 51' lang='lat'><strong>,⁴</strong></span> <span class='ocrx_word' id='word_1_224' title='bbox 726 2633 855 2684; x_wconf 75' lang='lat' dir='ltr'><strong>exstrue</strong></span> <span class='ocrx_word' id='word_1_225' title='bbox 877 2621 983 2683; x_wconf 89' lang='lat' dir='ltr'><strong>animo</strong></span> <span class='ocrx_word' id='word_1_226' title='bbox 1007 2617 1200 2684; x_wconf 84' lang='lat' dir='ltr'><strong>altitudinem</strong></span> <span class='ocrx_word' id='word_1_227' title='bbox 1223 2612 1517 2694; x_wconf 81' lang='lat' dir='ltr'><strong>excellentiamque</strong></span> 
     </span>
     <span class='ocr_line' id='line_1_25' title="bbox 175 2707 1516 2799; baseline -0.003 -27"><span class='ocrx_word' id='word_1_228' title='bbox 175 2708 348 2772; x_wconf 79' lang='lat' dir='ltr'><strong>virtutimr:</strong></span> <span class='ocrx_word' id='word_1_229' title='bbox 382 2708 443 2773; x_wconf 88' lang='lat' dir='ltr'><strong>iam</strong></span> <span class='ocrx_word' id='word_1_230' title='bbox 462 2734 527 2777; x_wconf 90' lang='lat' dir='ltr'><strong>uon</strong></span> <span class='ocrx_word' id='word_1_231' title='bbox 546 2713 723 2791; x_wconf 78' lang='lat' dir='ltr'><strong>dubitabis,</strong></span> <span class='ocrx_word' id='word_1_232' title='bbox 758 2715 834 2799; x_wconf 90' lang='lat' dir='ltr'><strong>quin</strong></span> <span class='ocrx_word' id='word_1_233' title='bbox 864 2735 970 2778; x_wconf 88' lang='lat' dir='ltr'><strong>earum</strong></span> <span class='ocrx_word' id='word_1_234' title='bbox 1002 2721 1169 2794; x_wconf 87' lang='lat' dir='ltr'><strong>compotes</strong></span> <span class='ocrx_word' id='word_1_235' title='bbox 1193 2707 1357 2783; x_wconf 86' lang='lat' dir='ltr'><strong>homines,</strong></span> <span class='ocrx_word' id='word_1_236' title='bbox 1393 2725 1516 2788; x_wconf 85' lang='lat' dir='ltr'><strong>magno</strong></span> 
     </span>
     <span class='ocr_line' id='line_1_26' title="bbox 176 2800 1516 2892; baseline -0.003 -27"><span class='ocrx_word' id='word_1_237' title='bbox 176 2801 280 2866; x_wconf 86' lang='lat' dir='ltr'><strong>auimo</strong></span> <span class='ocrx_word' id='word_1_238' title='bbox 302 2816 476 2889; x_wconf 84' lang='lat' dir='ltr'><strong>erectoque</strong></span> <span class='ocrx_word' id='word_1_239' title='bbox 499 2807 661 2883; x_wconf 81' lang='lat' dir='ltr'><strong>viventes,</strong></span> <span class='ocrx_word' id='word_1_240' title='bbox 684 2830 811 2892; x_wconf 86' lang='lat' dir='ltr'><strong>semper</strong></span> <span class='ocrx_word' id='word_1_241' title='bbox 832 2809 894 2872; x_wconf 88' lang='lat' dir='ltr'><strong>sint</strong></span> <span class='ocrx_word' id='word_1_242' title='bbox 915 2807 1019 2872; x_wconf 85' lang='lat' dir='ltr'><strong>besti:</strong></span> <span class='ocrx_word' id='word_1_243' title='bbox 1042 2807 1098 2890; x_wconf 86' lang='lat' dir='ltr'><strong>qui</strong></span> <span class='ocrx_word' id='word_1_244' title='bbox 1114 2824 1224 2870; x_wconf 87' lang='lat' dir='ltr'><strong>omnes</strong></span> <span class='ocrx_word' id='word_1_245' title='bbox 1239 2814 1343 2866; x_wconf 83' lang='lat' dir='ltr'><strong>motru</strong></span> <span class='ocrx_word' id='word_1_246' title='bbox 1359 2800 1516 2865; x_wconf 79' lang='lat' dir='ltr'><strong>fortunae</strong></span> 
     </span>
     <span class='ocr_line' id='line_1_27' title="bbox 119 2895 1594 2986; baseline 0.001 -27"><span class='ocrx_word' id='word_1_247' title='bbox 119 2908 123 2916; x_wconf 85' lang='grc'><em>“</em></span> <span class='ocrx_word' id='word_1_248' title='bbox 176 2896 430 2982; x_wconf 86' lang='lat' dir='ltr'><strong>mutationesque</strong></span> <span class='ocrx_word' id='word_1_249' title='bbox 452 2920 560 2965; x_wconf 88' lang='lat' dir='ltr'><strong>rerum</strong></span> <span class='ocrx_word' id='word_1_250' title='bbox 583 2913 616 2965; x_wconf 88' lang='lat' dir='ltr'><strong>et</strong></span> <span class='ocrx_word' id='word_1_251' title='bbox 636 2915 816 2986; x_wconf 88' lang='lat' dir='ltr'><strong>temporum</strong></span> <span class='ocrx_word' id='word_1_252' title='bbox 838 2904 927 2966; x_wconf 87' lang='lat' dir='ltr'><strong>leves</strong></span> <span class='ocrx_word' id='word_1_253' title='bbox 949 2914 980 2966; x_wconf 91' lang='lat' dir='ltr'><strong>et</strong></span> <span class='ocrx_word' id='word_1_254' title='bbox 994 2900 1173 2966; x_wconf 89' lang='lat' dir='ltr'><strong>imbecillos</strong></span> <span class='ocrx_word' id='word_1_255' title='bbox 1183 2900 1207 2938; x_wconf 72' lang='lat'><strong>&#39;¹²</strong></span> <span class='ocrx_word' id='word_1_256' title='bbox 1230 2895 1515 2978; x_wconf 61' lang='lat' dir='ltr'><strong>fore‘intelligant,</strong></span> <span class='ocrx_word' id='word_1_257' title='bbox 1593 2921 1594 2960; x_wconf 74' lang='lat' dir='ltr'><strong>i</strong></span> 
     </span>
     <span class='ocr_line' id='line_1_28' title="bbox 176 2990 1518 3078; baseline -0.003 -25"><span class='ocrx_word' id='word_1_258' title='bbox 176 2990 258 3054; x_wconf 89' lang='lat' dir='ltr'><strong>siin</strong></span> <span class='ocrx_word' id='word_1_259' title='bbox 279 2993 407 3055; x_wconf 81' lang='lat' dir='ltr'><strong>virtutis</strong></span> <span class='ocrx_word' id='word_1_260' title='bbox 417 2995 443 3033; x_wconf 81' lang='lat'><strong>¹³</strong></span> <span class='ocrx_word' id='word_1_261' title='bbox 465 3008 625 3060; x_wconf 81' lang='lat' dir='ltr'><strong>certamen</strong></span> <span class='ocrx_word' id='word_1_262' title='bbox 651 2997 810 3060; x_wconf 87' lang='lat' dir='ltr'><strong>venerint.</strong></span> <span class='ocrx_word' id='word_1_263' title='bbox 855 2998 915 3062; x_wconf 84' lang='lat' dir='ltr'><strong>Illa</strong></span> <span class='ocrx_word' id='word_1_264' title='bbox 938 2995 1039 3070; x_wconf 89' lang='lat' dir='ltr'><strong>enim,</strong></span> <span class='ocrx_word' id='word_1_265' title='bbox 1069 3014 1151 3078; x_wconf 81' lang='lat' dir='ltr'><strong>quae</strong></span> <span class='ocrx_word' id='word_1_266' title='bbox 1173 3002 1247 3055; x_wconf 80' lang='lat' dir='ltr'><strong>sum</strong></span> <span class='ocrx_word' id='word_1_267' title='bbox 1269 3012 1286 3052; x_wconf 81' lang='lat' dir='ltr'>a</span> <span class='ocrx_word' id='word_1_268' title='bbox 1309 2991 1405 3052; x_wconf 87' lang='lat' dir='ltr'><strong>nobis</strong></span> <span class='ocrx_word' id='word_1_269' title='bbox 1430 2990 1518 3050; x_wconf 81' lang='lat' dir='ltr'><strong>bnnc</strong></span> 
     </span>
     <span class='ocr_line' id='line_1_29' title="bbox 178 3082 1515 3176; baseline -0.003 -30"><span class='ocrx_word' id='word_1_270' title='bbox 178 3085 327 3166; x_wconf 89' lang='lat' dir='ltr'><strong>corporis</strong></span> <span class='ocrx_word' id='word_1_271' title='bbox 349 3101 529 3164; x_wconf 86' lang='lat' dir='ltr'><strong>numerata,</strong></span> <span class='ocrx_word' id='word_1_272' title='bbox 566 3089 785 3173; x_wconf 76' lang='lat' dir='ltr'><strong>complentes</strong></span> <span class='ocrx_word' id='word_1_273' title='bbox 808 3091 934 3176; x_wconf 90' lang='lat' dir='ltr'><strong>quidem</strong></span> <span class='ocrx_word' id='word_1_274' title='bbox 964 3089 1178 3152; x_wconf 83' lang='lat' dir='ltr'><strong>beatissimum</strong></span> <span class='ocrx_word' id='word_1_275' title='bbox 1205 3085 1323 3160; x_wconf 82' lang='lat' dir='ltr'><strong>vitam,</strong></span> <span class='ocrx_word' id='word_1_276' title='bbox 1363 3085 1423 3145; x_wconf 91' lang='lat' dir='ltr'><strong>sed</strong></span> <span class='ocrx_word' id='word_1_277' title='bbox 1452 3082 1515 3157; x_wconf 82' lang='lat' dir='ltr'><strong>ita,</strong></span> 
     </span>
     <span class='ocr_line' id='line_1_30' title="bbox 141 3176 1518 3262; baseline -0.009 -15"><span class='ocrx_word' id='word_1_278' title='bbox 141 3228 145 3247; x_wconf 78' lang='lat'><strong>.</strong></span> <span class='ocrx_word' id='word_1_279' title='bbox 178 3188 214 3243; x_wconf 91' lang='lat' dir='ltr'><strong>ut</strong></span> <span class='ocrx_word' id='word_1_280' title='bbox 235 3180 337 3243; x_wconf 65' lang='lat' dir='ltr'><strong>sinel‘*</strong></span> <span class='ocrx_word' id='word_1_281' title='bbox 359 3179 421 3243; x_wconf 89' lang='lat' dir='ltr'><strong>illis</strong></span> <span class='ocrx_word' id='word_1_282' title='bbox 443 3182 544 3262; x_wconf 86' lang='lat' dir='ltr'><strong>possit</strong></span> <span class='ocrx_word' id='word_1_283' title='bbox 566 3185 660 3246; x_wconf 85' lang='lat' dir='ltr'><strong>beata</strong></span> <span class='ocrx_word' id='word_1_284' title='bbox 683 3183 748 3247; x_wconf 84' lang='lat' dir='ltr'><strong>vita</strong></span> <span class='ocrx_word' id='word_1_285' title='bbox 771 3187 970 3249; x_wconf 81' lang='lat' dir='ltr'><strong>exsistere¹⁵.</strong></span> <span class='ocrx_word' id='word_1_286' title='bbox 1014 3185 1063 3247; x_wconf 91' lang='lat' dir='ltr'><strong>Ita</strong></span> <span class='ocrx_word' id='word_1_287' title='bbox 1087 3181 1170 3245; x_wconf 87' lang='lat' dir='ltr'><strong>euim</strong></span> <span class='ocrx_word' id='word_1_288' title='bbox 1190 3199 1312 3262; x_wconf 85' lang='lat' dir='ltr'><strong>parvae</strong></span> <span class='ocrx_word' id='word_1_289' title='bbox 1327 3187 1360 3239; x_wconf 87' lang='lat' dir='ltr'><strong>et</strong></span> <span class='ocrx_word' id='word_1_290' title='bbox 1376 3176 1518 3259; x_wconf 83' lang='lat' dir='ltr'><strong>exiguae</strong></span> 
     </span>
     <span class='ocr_line' id='line_1_31' title="bbox 178 3269 1518 3361; baseline -0.003 -27"><span class='ocrx_word' id='word_1_291' title='bbox 178 3283 251 3335; x_wconf 80' lang='lat' dir='ltr'><strong>sum</strong></span> <span class='ocrx_word' id='word_1_292' title='bbox 272 3271 350 3336; x_wconf 83' lang='lat' dir='ltr'><strong>istse</strong></span> <span class='ocrx_word' id='word_1_293' title='bbox 373 3275 571 3338; x_wconf 84' lang='lat' dir='ltr'><strong>accessiones</strong></span> <span class='ocrx_word' id='word_1_294' title='bbox 594 3279 772 3354; x_wconf 88' lang='lat' dir='ltr'><strong>bonorum,</strong></span> <span class='ocrx_word' id='word_1_295' title='bbox 807 3291 862 3354; x_wconf 90' lang='lat' dir='ltr'><strong>ut,</strong></span> <span class='ocrx_word' id='word_1_296' title='bbox 896 3280 1159 3361; x_wconf 88' lang='lat' dir='ltr'><strong>quemadmodum</strong></span> <span class='ocrx_word' id='word_1_297' title='bbox 1188 3273 1299 3338; x_wconf 86' lang='lat' dir='ltr'><strong>stellae</strong></span> <span class='ocrx_word' id='word_1_298' title='bbox 1323 3272 1356 3334; x_wconf 87' lang='lat' dir='ltr'><strong>in</strong></span> <span class='ocrx_word' id='word_1_299' title='bbox 1380 3269 1518 3333; x_wconf 60' lang='lat' dir='ltr'><strong>tantist</strong></span> 
     </span>
     <span class='ocr_line' id='line_1_32' title="bbox 179 3361 1516 3456; baseline -0.004 -29"><span class='ocrx_word' id='word_1_300' title='bbox 179 3366 275 3442; x_wconf 90' lang='lat' dir='ltr'><strong>solis,</strong></span> <span class='ocrx_word' id='word_1_301' title='bbox 300 3369 347 3431; x_wconf 91' lang='lat' dir='ltr'><strong>sic</strong></span> <span class='ocrx_word' id='word_1_302' title='bbox 368 3368 446 3432; x_wconf 86' lang='lat' dir='ltr'><strong>istae</strong></span> <span class='ocrx_word' id='word_1_303' title='bbox 469 3370 499 3432; x_wconf 90' lang='lat' dir='ltr'><strong>iu</strong></span> <span class='ocrx_word' id='word_1_304' title='bbox 523 3374 674 3435; x_wconf 89' lang='lat' dir='ltr'><strong>virtutum</strong></span> <span class='ocrx_word' id='word_1_305' title='bbox 698 3373 869 3455; x_wconf 86' lang='lat' dir='ltr'><strong>splendore</strong></span> <span class='ocrx_word' id='word_1_306' title='bbox 893 3394 931 3436; x_wconf 89' lang='lat' dir='ltr'><strong>ne</strong></span> <span class='ocrx_word' id='word_1_307' title='bbox 954 3384 1124 3436; x_wconf 83' lang='lat' dir='ltr'><strong>cernantur</strong></span> <span class='ocrx_word' id='word_1_308' title='bbox 1146 3371 1285 3456; x_wconf 91' lang='lat' dir='ltr'><strong>quidem.</strong></span> <span class='ocrx_word' id='word_1_309' title='bbox 1332 3363 1386 3425; x_wconf 73' lang='lat'><strong>72.</strong></span> <span class='ocrx_word' id='word_1_310' title='bbox 1403 3361 1516 3445; x_wconf 84' lang='lat' dir='ltr'><strong>Atque</strong></span> 
     </span>
     <span class='ocr_line' id='line_1_33' title="bbox 178 3457 1517 3548; baseline -0.004 -25"><span class='ocrx_word' id='word_1_311' title='bbox 178 3461 243 3524; x_wconf 90' lang='lat' dir='ltr'><strong>hoc</strong></span> <span class='ocrx_word' id='word_1_312' title='bbox 251 3461 279 3502; x_wconf 75' lang='lat'><strong>1⁷</strong></span> <span class='ocrx_word' id='word_1_313' title='bbox 301 3475 335 3524; x_wconf 87' lang='lat' dir='ltr'><strong>ut</strong></span> <span class='ocrx_word' id='word_1_314' title='bbox 358 3484 434 3526; x_wconf 87' lang='lat' dir='ltr'><strong>vere</strong></span> <span class='ocrx_word' id='word_1_315' title='bbox 456 3464 590 3540; x_wconf 83' lang='lat' dir='ltr'><strong>dicitur,</strong></span> <span class='ocrx_word' id='word_1_316' title='bbox 614 3487 716 3548; x_wconf 87' lang='lat' dir='ltr'><strong>parva</strong></span> <span class='ocrx_word' id='word_1_317' title='bbox 738 3488 807 3531; x_wconf 87' lang='lat' dir='ltr'><strong>esse</strong></span> <span class='ocrx_word' id='word_1_318' title='bbox 830 3470 870 3531; x_wconf 90' lang='lat' dir='ltr'><strong>ad</strong></span> <span class='ocrx_word' id='word_1_319' title='bbox 890 3468 984 3530; x_wconf 82' lang='lat' dir='ltr'><strong>beate</strong></span> <span class='ocrx_word' id='word_1_320' title='bbox 1001 3468 1171 3532; x_wconf 85' lang='lat' dir='ltr'><strong>vivendum</strong></span> <span class='ocrx_word' id='word_1_321' title='bbox 1186 3471 1346 3528; x_wconf 86' lang='lat' dir='ltr'><strong>momenta</strong></span> <span class='ocrx_word' id='word_1_322' title='bbox 1361 3457 1424 3518; x_wconf 88' lang='lat' dir='ltr'><strong>ista</strong></span> <span class='ocrx_word' id='word_1_323' title='bbox 1441 3477 1517 3519; x_wconf 90' lang='lat' dir='ltr'><strong>cor·</strong></span> 
     </span>
     <span class='ocr_line' id='line_1_34' title="bbox 178 3547 1516 3638; baseline -0.006 -20"><span class='ocrx_word' id='word_1_324' title='bbox 178 3555 269 3636; x_wconf 90' lang='lat' dir='ltr'><strong>poris</strong></span> <span class='ocrx_word' id='word_1_325' title='bbox 284 3560 526 3622; x_wconf 87' lang='lat' dir='ltr'><strong>commodorum</strong></span> <span class='ocrx_word' id='word_1_326' title='bbox 535 3561 574 3635; x_wconf 67' lang='lat'><strong>1⁸,</strong></span> <span class='ocrx_word' id='word_1_327' title='bbox 592 3560 639 3622; x_wconf 90' lang='lat' dir='ltr'><strong>sic</strong></span> <span class='ocrx_word' id='word_1_328' title='bbox 654 3561 743 3623; x_wconf 87' lang='lat' dir='ltr'><strong>nimis</strong></span> <span class='ocrx_word' id='word_1_329' title='bbox 759 3561 933 3625; x_wconf 88' lang='lat' dir='ltr'><strong>violentum</strong></span> <span class='ocrx_word' id='word_1_330' title='bbox 949 3574 1008 3638; x_wconf 88' lang='lat' dir='ltr'><strong>est,</strong></span> <span class='ocrx_word' id='word_1_331' title='bbox 1026 3561 1110 3623; x_wconf 84' lang='lat' dir='ltr'><strong>nulla</strong></span> <span class='ocrx_word' id='word_1_332' title='bbox 1125 3580 1194 3623; x_wconf 88' lang='lat' dir='ltr'><strong>esse</strong></span> <span class='ocrx_word' id='word_1_333' title='bbox 1210 3559 1328 3620; x_wconf 85' lang='lat' dir='ltr'><strong>dicere.</strong></span> <span class='ocrx_word' id='word_1_334' title='bbox 1354 3549 1420 3630; x_wconf 84' lang='lat' dir='ltr'><strong>Qui</strong></span> <span class='ocrx_word' id='word_1_335' title='bbox 1430 3547 1516 3613; x_wconf 88' lang='lat' dir='ltr'><strong>euim</strong></span> 
     </span>
     <span class='ocr_line' id='line_1_35' title="bbox 178 3648 1516 3740; baseline 0 -31"><span class='ocrx_word' id='word_1_336' title='bbox 178 3648 225 3710; x_wconf 86' lang='lat' dir='ltr'><strong>sic</strong></span> <span class='ocrx_word' id='word_1_337' title='bbox 236 3649 406 3732; x_wconf 78' lang='lat' dir='ltr'><strong>disputent,</strong></span> <span class='ocrx_word' id='word_1_338' title='bbox 432 3652 525 3718; x_wconf 83' lang='lat' dir='ltr'><strong>obliti</strong></span> <span class='ocrx_word' id='word_1_339' title='bbox 540 3654 616 3716; x_wconf 90' lang='lat' dir='ltr'><strong>mihi</strong></span> <span class='ocrx_word' id='word_1_340' title='bbox 630 3654 791 3730; x_wconf 88' lang='lat' dir='ltr'><strong>videntur,</strong></span> <span class='ocrx_word' id='word_1_341' title='bbox 809 3676 890 3739; x_wconf 81' lang='lat' dir='ltr'><strong>quae</strong></span> <span class='ocrx_word' id='word_1_342' title='bbox 907 3655 968 3739; x_wconf 90' lang='lat' dir='ltr'><strong>ipsi</strong></span> <span class='ocrx_word' id='word_1_343' title='bbox 982 3653 1176 3740; x_wconf 78' lang='lat' dir='ltr'><strong>†egerint¹⁹</strong></span> <span class='ocrx_word' id='word_1_344' title='bbox 1191 3650 1349 3736; x_wconf 86' lang='lat' dir='ltr'><strong>principia</strong></span> <span class='ocrx_word' id='word_1_345' title='bbox 1366 3660 1516 3710; x_wconf 86' lang='lat' dir='ltr'><strong>naturae.</strong></span> 
     </span>
    </p>
   </div>
   <div class='ocr_carea' id='block_1_5' title="bbox 124 3907 1574 5052">
    <p class='ocr_par' dir='ltr' id='par_1_7' title="bbox 124 3907 1574 5052">
     <span class='ocr_line' id='line_1_36' title="bbox 255 3907 1516 3991; baseline 0.001 -27"><span class='ocrx_word' id='word_1_346' title='bbox 255 3913 295 3986; x_wconf 84' lang='lat'><strong>(1)</strong></span> <span class='ocrx_word' id='word_1_347' title='bbox 314 3943 350 3957; x_wconf 92' lang='lat'>—</span> <span class='ocrx_word' id='word_1_348' title='bbox 369 3920 426 3968; x_wconf 82' lang='lat' dir='ltr'><strong>ista</strong></span> <span class='ocrx_word' id='word_1_349' title='bbox 447 3917 484 3971; x_wconf 88' lang='lat' dir='ltr'><strong>G.</strong></span> <span class='ocrx_word' id='word_1_350' title='bbox 504 3934 578 3990; x_wconf 86' lang='lat' dir='ltr'><strong>susp.</strong></span> <span class='ocrx_word' id='word_1_351' title='bbox 617 3916 654 3991; x_wconf 81' lang='grc'>(1)</span> <span class='ocrx_word' id='word_1_352' title='bbox 674 3948 712 3979; x_wconf 71' lang='grc'><strong>-,</strong></span> <span class='ocrx_word' id='word_1_353' title='bbox 730 3919 804 3991; x_wconf 85' lang='lat' dir='ltr'><strong>quod</strong></span> <span class='ocrx_word' id='word_1_354' title='bbox 820 3925 875 3986; x_wconf 80' lang='lat' dir='ltr'><strong>iis,</strong></span> <span class='ocrx_word' id='word_1_355' title='bbox 895 3939 964 3991; x_wconf 84' lang='lat' dir='ltr'><strong>qrsae</strong></span> <span class='ocrx_word' id='word_1_356' title='bbox 976 3928 1098 3972; x_wconf 81' lang='lat' dir='ltr'><strong>externa</strong></span> <span class='ocrx_word' id='word_1_357' title='bbox 1110 3926 1192 3982; x_wconf 73' lang='lat' dir='ltr'><strong>ssent,</strong></span> <span class='ocrx_word' id='word_1_358' title='bbox 1213 3915 1280 3967; x_wconf 78' lang='lat' dir='ltr'><strong>haec</strong></span> <span class='ocrx_word' id='word_1_359' title='bbox 1292 3924 1403 3967; x_wconf 85' lang='lat' dir='ltr'><strong>tuemur</strong></span> <span class='ocrx_word' id='word_1_360' title='bbox 1417 3907 1516 3984; x_wconf 80' lang='lat' dir='ltr'><strong>officia</strong></span> 
     </span>
     <span class='ocr_line' id='line_1_37' title="bbox 178 3987 1515 4069; baseline 0.014 -31"><span class='ocrx_word' id='word_1_361' title='bbox 178 3987 294 4041; x_wconf 87' lang='lat' dir='ltr'><strong>Morelii</strong></span> <span class='ocrx_word' id='word_1_362' title='bbox 313 4006 387 4063; x_wconf 85' lang='lat' dir='ltr'><strong>susp.</strong></span> <span class='ocrx_word' id='word_1_363' title='bbox 409 3989 458 4063; x_wconf 88' lang='grc'><strong>(-</strong></span> <span class='ocrx_word' id='word_1_364' title='bbox 477 3990 521 4043; x_wconf 79' lang='lat' dir='ltr'><strong>his</strong></span> <span class='ocrx_word' id='word_1_365' title='bbox 541 3997 587 4058; x_wconf 85' lang='lat' dir='ltr'><strong>V.)</strong></span> <span class='ocrx_word' id='word_1_366' title='bbox 634 3992 729 4067; x_wconf 75' lang='grc'>(1)-</span> <span class='ocrx_word' id='word_1_367' title='bbox 749 3995 839 4048; x_wconf 81' lang='lat' dir='ltr'><strong>cultor</strong></span> <span class='ocrx_word' id='word_1_368' title='bbox 858 3995 959 4050; x_wconf 84' lang='lat' dir='ltr'><strong>Clerici</strong></span> <span class='ocrx_word' id='word_1_369' title='bbox 980 4013 1054 4069; x_wconf 87' lang='lat' dir='ltr'><strong>susp.</strong></span> <span class='ocrx_word' id='word_1_370' title='bbox 1102 3996 1139 4063; x_wconf 79' lang='grc'>(1)</span> <span class='ocrx_word' id='word_1_371' title='bbox 1161 4021 1198 4034; x_wconf 91' lang='grc'><strong>-</strong></span> <span class='ocrx_word' id='word_1_372' title='bbox 1217 3993 1279 4045; x_wconf 67' lang='grc' dir='ltr'><strong>Ὴῦθ</strong></span> <span class='ocrx_word' id='word_1_373' title='bbox 1298 4000 1327 4042; x_wconf 72' lang='lat'><strong>0²</strong></span> <span class='ocrx_word' id='word_1_374' title='bbox 1345 3989 1382 4061; x_wconf 91' lang='lat'><strong>[]</strong></span> <span class='ocrx_word' id='word_1_375' title='bbox 1402 3991 1442 4044; x_wconf 78' lang='lat' dir='ltr'><strong>G·</strong></span> <span class='ocrx_word' id='word_1_376' title='bbox 1463 3987 1515 4041; x_wconf 68' lang='grc'>1111·</span> 
     </span>
     <span class='ocr_line' id='line_1_38' title="bbox 178 4056 1515 4144; baseline 0.016 -29"><span class='ocrx_word' id='word_1_377' title='bbox 178 4060 242 4116; x_wconf 85' lang='lat' dir='ltr'><strong>Sch.</strong></span> <span class='ocrx_word' id='word_1_378' title='bbox 263 4068 291 4118; x_wconf 88' lang='lat'><strong>2.</strong></span> <span class='ocrx_word' id='word_1_379' title='bbox 311 4064 380 4132; x_wconf 84' lang='lat' dir='ltr'><strong>Sed,</strong></span> <span class='ocrx_word' id='word_1_380' title='bbox 408 4082 438 4119; x_wconf 91' lang='lat' dir='ltr'><strong>ut</strong></span> <span class='ocrx_word' id='word_1_381' title='bbox 464 4073 634 4136; x_wconf 84' lang='lat' dir='ltr'><strong>sexcenties,</strong></span> <span class='ocrx_word' id='word_1_382' title='bbox 660 4078 689 4121; x_wconf 84' lang='lat' dir='ltr'><strong>et</strong></span> <span class='ocrx_word' id='word_1_383' title='bbox 708 4087 749 4124; x_wconf 87' lang='lat' dir='ltr'><strong>est</strong></span> <span class='ocrx_word' id='word_1_384' title='bbox 769 4087 931 4144; x_wconf 81' lang='lat' dir='ltr'><strong>corruptum</strong></span> <span class='ocrx_word' id='word_1_385' title='bbox 951 4092 986 4125; x_wconf 82' lang='lat' dir='ltr'><strong>ex</strong></span> <span class='ocrx_word' id='word_1_386' title='bbox 1003 4088 1042 4125; x_wconf 77' lang='lat' dir='ltr'><strong>oo</strong></span> <span class='ocrx_word' id='word_1_387' title='bbox 1060 4076 1145 4124; x_wconf 86' lang='lat' dir='ltr'><strong>et.-</strong></span> <span class='ocrx_word' id='word_1_388' title='bbox 1163 4076 1193 4122; x_wconf 86' lang='lat' dir='ltr'><strong>et</strong></span> <span class='ocrx_word' id='word_1_389' title='bbox 1211 4072 1285 4131; x_wconf 73' lang='lat' dir='ltr'><strong>eius,</strong></span> <span class='ocrx_word' id='word_1_390' title='bbox 1305 4071 1351 4138; x_wconf 67' lang='lat' dir='ltr'><strong>‘tw&#39;</strong></span> <span class='ocrx_word' id='word_1_391' title='bbox 1370 4056 1422 4134; x_wconf 74' lang='lat' dir='ltr'><strong>⁰ff</strong></span> <span class='ocrx_word' id='word_1_392' title='bbox 1440 4062 1515 4120; x_wconf 57' lang='lat' dir='ltr'><strong>M·</strong></span> 
     </span>
     <span class='ocr_line' id='line_1_39' title="bbox 124 4138 1515 4201; baseline 0.004 -12"><span class='ocrx_word' id='word_1_393' title='bbox 124 4169 126 4172; x_wconf 95' lang='lat'>·</span> <span class='ocrx_word' id='word_1_394' title='bbox 178 4138 254 4190; x_wconf 84' lang='lat' dir='ltr'><strong>Haec</strong></span> <span class='ocrx_word' id='word_1_395' title='bbox 274 4146 369 4192; x_wconf 85' lang='lat' dir='ltr'><strong>omnia</strong></span> <span class='ocrx_word' id='word_1_396' title='bbox 389 4160 454 4194; x_wconf 83' lang='lat' dir='ltr'><strong>nam</strong></span> <span class='ocrx_word' id='word_1_397' title='bbox 474 4151 503 4195; x_wconf 86' lang='lat' dir='ltr'><strong>et</strong></span> <span class='ocrx_word' id='word_1_398' title='bbox 523 4149 607 4196; x_wconf 82' lang='lat' dir='ltr'><strong>amici</strong></span> <span class='ocrx_word' id='word_1_399' title='bbox 620 4174 656 4187; x_wconf 91' lang='lat'><strong>-·</strong></span> <span class='ocrx_word' id='word_1_400' title='bbox 669 4145 736 4196; x_wconf 77' lang='lat' dir='ltr'><strong>disce</strong></span> <span class='ocrx_word' id='word_1_401' title='bbox 758 4156 865 4198; x_wconf 84' lang='lat' dir='ltr'><strong>natura</strong></span> <span class='ocrx_word' id='word_1_402' title='bbox 884 4151 1011 4201; x_wconf 83' lang='lat' dir='ltr'><strong>Bremius</strong></span> <span class='ocrx_word' id='word_1_403' title='bbox 1031 4145 1145 4199; x_wconf 75' lang='lat' dir='ltr'><strong>delenda</strong></span> <span class='ocrx_word' id='word_1_404' title='bbox 1165 4142 1353 4196; x_wconf 77' lang='lat' dir='ltr'><strong>existimabat.</strong></span> <span class='ocrx_word' id='word_1_405' title='bbox 1380 4141 1515 4193; x_wconf 77' lang='lat' dir='ltr'><strong>ceterum</strong></span> 
     </span>
     <span class='ocr_line' id='line_1_40' title="bbox 177 4217 1515 4295; baseline 0.01 -31"><span class='ocrx_word' id='word_1_406' title='bbox 177 4240 215 4256; x_wconf 84' lang='lat'><strong>·-</strong></span> <span class='ocrx_word' id='word_1_407' title='bbox 228 4223 337 4266; x_wconf 82' lang='lat' dir='ltr'><strong>utentes</strong></span> <span class='ocrx_word' id='word_1_408' title='bbox 345 4227 498 4289; x_wconf 83' lang='lat' dir='ltr'><strong>sequuntur</strong></span> <span class='ocrx_word' id='word_1_409' title='bbox 511 4218 581 4277; x_wconf 82' lang='lat' dir='ltr'><strong>edd.</strong></span> <span class='ocrx_word' id='word_1_410' title='bbox 595 4220 687 4274; x_wconf 88' lang='lat' dir='ltr'><strong>multi.</strong></span> <span class='ocrx_word' id='word_1_411' title='bbox 702 4224 731 4275; x_wconf 98' lang='lat' dir='ltr'><strong>P.</strong></span> <span class='ocrx_word' id='word_1_412' title='bbox 742 4222 776 4274; x_wconf 89' lang='lat' dir='ltr'><strong>V.</strong></span> <span class='ocrx_word' id='word_1_413' title='bbox 789 4249 824 4264; x_wconf 90' lang='lat'>-</span> <span class='ocrx_word' id='word_1_414' title='bbox 834 4240 890 4276; x_wconf 92' lang='lat' dir='ltr'><strong>om.</strong></span> <span class='ocrx_word' id='word_1_415' title='bbox 900 4231 1044 4295; x_wconf 79' lang='lat' dir='ltr'><strong>tamquam</strong></span> <span class='ocrx_word' id='word_1_416' title='bbox 1057 4220 1127 4275; x_wconf 85' lang='lat' dir='ltr'><strong>cdd.</strong></span> <span class='ocrx_word' id='word_1_417' title='bbox 1138 4220 1205 4292; x_wconf 79' lang='lat' dir='ltr'><strong>aliq.</strong></span> <span class='ocrx_word' id='word_1_418' title='bbox 1217 4218 1268 4293; x_wconf 85' lang='lat'><strong>(—-</strong></span> <span class='ocrx_word' id='word_1_419' title='bbox 1276 4226 1343 4270; x_wconf 84' lang='lat' dir='ltr'><strong>orta</strong></span> <span class='ocrx_word' id='word_1_420' title='bbox 1351 4235 1371 4266; x_wconf 85' lang='lat' dir='ltr'><em>a</em></span> <span class='ocrx_word' id='word_1_421' title='bbox 1383 4220 1459 4270; x_wconf 80' lang='lat' dir='ltr'><strong>virt.</strong></span> <span class='ocrx_word' id='word_1_422' title='bbox 1471 4217 1515 4277; x_wconf 78' lang='lat' dir='ltr'><strong>L.)</strong></span> 
     </span>
     <span class='ocr_line' id='line_1_41' title="bbox 176 4286 1514 4368; baseline 0.011 -26"><span class='ocrx_word' id='word_1_423' title='bbox 176 4286 216 4356; x_wconf 90' lang='lat'><strong>(⁵)</strong></span> <span class='ocrx_word' id='word_1_424' title='bbox 237 4306 300 4343; x_wconf 86' lang='lat' dir='ltr'><strong>cum</strong></span> <span class='ocrx_word' id='word_1_425' title='bbox 321 4291 389 4346; x_wconf 85' lang='lat' dir='ltr'><strong>Cdd.</strong></span> <span class='ocrx_word' id='word_1_426' title='bbox 409 4294 496 4360; x_wconf 88' lang='lat' dir='ltr'><strong>(Mo.)</strong></span> <span class='ocrx_word' id='word_1_427' title='bbox 511 4295 546 4365; x_wconf 85' lang='lat' dir='ltr'><strong>¹L.</strong></span> <span class='ocrx_word' id='word_1_428' title='bbox 566 4295 649 4367; x_wconf 83' lang='lat' dir='ltr'><strong>Seqq.</strong></span> <span class='ocrx_word' id='word_1_429' title='bbox 666 4326 706 4338; x_wconf 93' lang='lat'><strong>·-</strong></span> <span class='ocrx_word' id='word_1_430' title='bbox 722 4314 771 4368; x_wconf 77' lang='lat' dir='ltr'><strong>spe</strong></span> <span class='ocrx_word' id='word_1_431' title='bbox 791 4298 902 4366; x_wconf 79' lang='lat' dir='ltr'><strong>gloriae</strong></span> <span class='ocrx_word' id='word_1_432' title='bbox 921 4300 953 4353; x_wconf 90' lang='lat' dir='ltr'><strong>P.</strong></span> <span class='ocrx_word' id='word_1_433' title='bbox 972 4301 1019 4352; x_wconf 89' lang='lat' dir='ltr'><strong>Cr.</strong></span> <span class='ocrx_word' id='word_1_434' title='bbox 1038 4298 1070 4349; x_wconf 93' lang='lat' dir='ltr'><strong>V.</strong></span> <span class='ocrx_word' id='word_1_435' title='bbox 1099 4298 1142 4352; x_wconf 88' lang='lat' dir='ltr'><strong>M.</strong></span> <span class='ocrx_word' id='word_1_436' title='bbox 1191 4293 1230 4364; x_wconf 77' lang='lat'><strong>(⁶)</strong></span> <span class='ocrx_word' id='word_1_437' title='bbox 1255 4324 1294 4336; x_wconf 93' lang='grc'><strong>-</strong></span> <span class='ocrx_word' id='word_1_438' title='bbox 1315 4296 1439 4363; x_wconf 56' lang='lat' dir='ltr'><strong>Speciem</strong></span> <span class='ocrx_word' id='word_1_439' title='bbox 1465 4289 1514 4346; x_wconf 67' lang='lat' dir='ltr'><strong>cd·</strong></span> 
     </span>
     <span class='ocr_line' id='line_1_42' title="bbox 178 4364 1516 4441; baseline 0.017 -24"><span class='ocrx_word' id='word_1_440' title='bbox 178 4364 264 4418; x_wconf 73' lang='lat' dir='ltr'><strong>Moe</strong></span> <span class='ocrx_word' id='word_1_441' title='bbox 278 4366 362 4439; x_wconf 82' lang='lat' dir='ltr'><strong>gloss.</strong></span> <span class='ocrx_word' id='word_1_442' title='bbox 383 4366 420 4441; x_wconf 88' lang='lat'><strong>(⁷)</strong></span> <span class='ocrx_word' id='word_1_443' title='bbox 440 4386 502 4423; x_wconf 89' lang='lat' dir='ltr'><strong>cum</strong></span> <span class='ocrx_word' id='word_1_444' title='bbox 516 4368 585 4423; x_wconf 90' lang='lat' dir='ltr'><strong>Cdd.</strong></span> <span class='ocrx_word' id='word_1_445' title='bbox 599 4373 631 4425; x_wconf 91' lang='lat' dir='ltr'><strong>V.</strong></span> <span class='ocrx_word' id='word_1_446' title='bbox 647 4371 683 4428; x_wconf 89' lang='lat' dir='ltr'><strong>G.</strong></span> <span class='ocrx_word' id='word_1_447' title='bbox 697 4379 724 4428; x_wconf 85' lang='lat'><strong>2.</strong></span> <span class='ocrx_word' id='word_1_448' title='bbox 735 4400 774 4415; x_wconf 91' lang='lat'><em>-</em></span> <span class='ocrx_word' id='word_1_449' title='bbox 783 4382 812 4424; x_wconf 86' lang='lat' dir='ltr'><strong>et</strong></span> <span class='ocrx_word' id='word_1_450' title='bbox 824 4373 927 4428; x_wconf 88' lang='lat' dir='ltr'><strong>Ceteri.</strong></span> <span class='ocrx_word' id='word_1_451' title='bbox 948 4373 986 4441; x_wconf 82' lang='grc'>(1)</span> <span class='ocrx_word' id='word_1_452' title='bbox 1006 4390 1071 4426; x_wconf 88' lang='lat' dir='ltr'><strong>cnm</strong></span> <span class='ocrx_word' id='word_1_453' title='bbox 1083 4370 1153 4427; x_wconf 88' lang='lat' dir='ltr'><strong>Cdd.</strong></span> <span class='ocrx_word' id='word_1_454' title='bbox 1168 4370 1216 4423; x_wconf 82' lang='lat' dir='ltr'><strong>Cr·</strong></span> <span class='ocrx_word' id='word_1_455' title='bbox 1227 4372 1262 4426; x_wconf 86' lang='lat' dir='ltr'><strong>G·</strong></span> <span class='ocrx_word' id='word_1_456' title='bbox 1273 4377 1299 4426; x_wconf 83' lang='lat'><strong>2·</strong></span> <span class='ocrx_word' id='word_1_457' title='bbox 1311 4396 1351 4411; x_wconf 80' lang='lat'><strong>···</strong></span> <span class='ocrx_word' id='word_1_458' title='bbox 1363 4383 1423 4420; x_wconf 71' lang='lat'><strong>⁰¹¹¹·</strong></span> <span class='ocrx_word' id='word_1_459' title='bbox 1435 4383 1516 4439; x_wconf 65' lang='lat'><strong>‘1⁸⁶³‘</strong></span> 
     </span>
     <span class='ocr_line' id='line_1_43' title="bbox 177 4439 1516 4521; baseline 0.007 -29"><span class='ocrx_word' id='word_1_460' title='bbox 177 4439 280 4497; x_wconf 86' lang='lat' dir='ltr'><strong>Ceteri.</strong></span> <span class='ocrx_word' id='word_1_461' title='bbox 333 4442 370 4510; x_wconf 81' lang='lat'><strong>(9)</strong></span> <span class='ocrx_word' id='word_1_462' title='bbox 389 4473 427 4488; x_wconf 94' lang='lat'><em>-</em></span> <span class='ocrx_word' id='word_1_463' title='bbox 446 4443 491 4495; x_wconf 77' lang='lat' dir='ltr'><strong>his</strong></span> <span class='ocrx_word' id='word_1_464' title='bbox 508 4447 538 4499; x_wconf 88' lang='lat' dir='ltr'><strong>P.</strong></span> <span class='ocrx_word' id='word_1_465' title='bbox 557 4448 590 4500; x_wconf 92' lang='lat' dir='ltr'><strong>V.</strong></span> <span class='ocrx_word' id='word_1_466' title='bbox 611 4446 750 4519; x_wconf 87' lang='lat' dir='ltr'><strong>iidemque</strong></span> <span class='ocrx_word' id='word_1_467' title='bbox 770 4466 851 4503; x_wconf 81' lang='lat' dir='ltr'><strong>mox:</strong></span> <span class='ocrx_word' id='word_1_468' title='bbox 872 4479 907 4491; x_wconf 95' lang='lat'>-</span> <span class='ocrx_word' id='word_1_469' title='bbox 926 4454 1117 4521; x_wconf 75' lang='lat' dir='ltr'><strong>corripuisset.</strong></span> <span class='ocrx_word' id='word_1_470' title='bbox 1168 4445 1218 4520; x_wconf 79' lang='lat'><strong>(¹⁰)</strong></span> <span class='ocrx_word' id='word_1_471' title='bbox 1239 4462 1303 4498; x_wconf 88' lang='lat' dir='ltr'><strong>enm</strong></span> <span class='ocrx_word' id='word_1_472' title='bbox 1324 4441 1393 4498; x_wconf 77' lang='lat' dir='ltr'><strong>Cdd.</strong></span> <span class='ocrx_word' id='word_1_473' title='bbox 1416 4445 1449 4496; x_wconf 83' lang='lat' dir='ltr'><strong>P·</strong></span> <span class='ocrx_word' id='word_1_474' title='bbox 1469 4442 1516 4496; x_wconf 74' lang='lat' dir='ltr'><strong>Cr·</strong></span> 
     </span>
     <span class='ocr_line' id='line_1_44' title="bbox 176 4515 1516 4593; baseline 0.012 -26"><span class='ocrx_word' id='word_1_475' title='bbox 176 4515 209 4569; x_wconf 87' lang='lat' dir='ltr'><strong>L.</strong></span> <span class='ocrx_word' id='word_1_476' title='bbox 230 4523 262 4579; x_wconf 83' lang='lat'><strong>1.</strong></span> <span class='ocrx_word' id='word_1_477' title='bbox 277 4517 312 4571; x_wconf 82' lang='lat' dir='ltr'><strong>G.</strong></span> <span class='ocrx_word' id='word_1_478' title='bbox 334 4524 361 4574; x_wconf 82' lang='lat'><strong>2.</strong></span> <span class='ocrx_word' id='word_1_479' title='bbox 381 4549 418 4564; x_wconf 92' lang='lat'><em>-</em></span> <span class='ocrx_word' id='word_1_480' title='bbox 437 4521 577 4574; x_wconf 81' lang='lat' dir='ltr'><strong>descensio</strong></span> <span class='ocrx_word' id='word_1_481' title='bbox 596 4540 611 4576; x_wconf 91' lang='lat' dir='ltr'><strong>e</strong></span> <span class='ocrx_word' id='word_1_482' title='bbox 631 4521 701 4577; x_wconf 86' lang='lat' dir='ltr'><strong>cdd.</strong></span> <span class='ocrx_word' id='word_1_483' title='bbox 723 4526 758 4578; x_wconf 87' lang='lat' dir='ltr'><strong>D.</strong></span> <span class='ocrx_word' id='word_1_484' title='bbox 776 4552 816 4565; x_wconf 91' lang='lat'>—</span> <span class='ocrx_word' id='word_1_485' title='bbox 833 4524 969 4581; x_wconf 81' lang='lat' dir='ltr'><strong>dissensio</strong></span> <span class='ocrx_word' id='word_1_486' title='bbox 988 4526 1020 4578; x_wconf 94' lang='lat' dir='ltr'><strong>V.</strong></span> <span class='ocrx_word' id='word_1_487' title='bbox 1041 4530 1128 4593; x_wconf 80' lang='lat' dir='ltr'><strong>(erret</strong></span> <span class='ocrx_word' id='word_1_488' title='bbox 1141 4521 1192 4591; x_wconf 89' lang='lat' dir='ltr'><strong>G.)</strong></span> <span class='ocrx_word' id='word_1_489' title='bbox 1206 4521 1248 4576; x_wconf 90' lang='lat' dir='ltr'><strong>M.</strong></span> <span class='ocrx_word' id='word_1_490' title='bbox 1262 4521 1343 4574; x_wconf 84' lang='lat' dir='ltr'><strong>Grut.</strong></span> <span class='ocrx_word' id='word_1_491' title='bbox 1382 4520 1436 4590; x_wconf 78' lang='lat'><strong>(¹¹)</strong></span> <span class='ocrx_word' id='word_1_492' title='bbox 1450 4532 1516 4570; x_wconf 71' lang='grc'>011111</span> 
     </span>
     <span class='ocr_line' id='line_1_45' title="bbox 179 4589 1515 4671; baseline 0.01 -28"><span class='ocrx_word' id='word_1_493' title='bbox 179 4589 252 4664; x_wconf 81' lang='lat' dir='ltr'><strong>Spin.</strong></span> <span class='ocrx_word' id='word_1_494' title='bbox 278 4591 335 4646; x_wconf 85' lang='lat' dir='ltr'><strong>Erl.</strong></span> <span class='ocrx_word' id='word_1_495' title='bbox 362 4592 416 4669; x_wconf 87' lang='lat' dir='ltr'><strong>(uti</strong></span> <span class='ocrx_word' id='word_1_496' title='bbox 441 4614 515 4669; x_wconf 77' lang='lat' dir='ltr'><strong>susp,</strong></span> <span class='ocrx_word' id='word_1_497' title='bbox 542 4612 602 4652; x_wconf 88' lang='lat' dir='ltr'><strong>erat</strong></span> <span class='ocrx_word' id='word_1_498' title='bbox 619 4596 671 4671; x_wconf 88' lang='lat' dir='ltr'><strong>D.)</strong></span> <span class='ocrx_word' id='word_1_499' title='bbox 690 4599 726 4653; x_wconf 90' lang='lat' dir='ltr'><strong>G.</strong></span> <span class='ocrx_word' id='word_1_500' title='bbox 745 4603 773 4653; x_wconf 80' lang='lat'><strong>2.</strong></span> <span class='ocrx_word' id='word_1_501' title='bbox 794 4627 829 4642; x_wconf 94' lang='lat'><strong>·-</strong></span> <span class='ocrx_word' id='word_1_502' title='bbox 847 4605 988 4653; x_wconf 73' lang='lat' dir='ltr'><strong>trivettum</strong></span> <span class='ocrx_word' id='word_1_503' title='bbox 1007 4601 1054 4656; x_wconf 84' lang='lat' dir='ltr'><strong>Cr.</strong></span> <span class='ocrx_word' id='word_1_504' title='bbox 1073 4601 1106 4652; x_wconf 94' lang='lat' dir='ltr'><strong>V.</strong></span> <span class='ocrx_word' id='word_1_505' title='bbox 1125 4598 1169 4651; x_wconf 88' lang='lat' dir='ltr'><strong>M.</strong></span> <span class='ocrx_word' id='word_1_506' title='bbox 1188 4596 1222 4650; x_wconf 85' lang='lat' dir='ltr'><strong>L.</strong></span> <span class='ocrx_word' id='word_1_507' title='bbox 1240 4595 1277 4649; x_wconf 85' lang='lat' dir='ltr'><strong>D·</strong></span> <span class='ocrx_word' id='word_1_508' title='bbox 1299 4604 1324 4653; x_wconf 82' lang='lat'><strong>1.</strong></span> <span class='ocrx_word' id='word_1_509' title='bbox 1343 4621 1383 4636; x_wconf 86' lang='lat'><strong>·-</strong></span> <span class='ocrx_word' id='word_1_510' title='bbox 1401 4599 1515 4645; x_wconf 62' lang='lat' dir='ltr'><strong>1&#39;1W‘050</strong></span> 
     </span>
     <span class='ocr_line' id='line_1_46' title="bbox 178 4666 1516 4748; baseline 0.004 -30"><span class='ocrx_word' id='word_1_511' title='bbox 178 4666 247 4721; x_wconf 87' lang='lat' dir='ltr'><strong>Cdd.</strong></span> <span class='ocrx_word' id='word_1_512' title='bbox 275 4667 339 4739; x_wconf 82' lang='lat' dir='ltr'><strong>aliq.</strong></span> <span class='ocrx_word' id='word_1_513' title='bbox 358 4699 397 4714; x_wconf 86' lang='lat'><strong>-·-</strong></span> <span class='ocrx_word' id='word_1_514' title='bbox 421 4678 537 4724; x_wconf 73' lang='lat' dir='ltr'><strong>inuento</strong></span> <span class='ocrx_word' id='word_1_515' title='bbox 558 4674 588 4727; x_wconf 96' lang='lat' dir='ltr'><strong>P.</strong></span> <span class='ocrx_word' id='word_1_516' title='bbox 639 4671 689 4748; x_wconf 76' lang='lat'><strong>(¹2)</strong></span> <span class='ocrx_word' id='word_1_517' title='bbox 709 4690 774 4727; x_wconf 87' lang='lat' dir='ltr'><strong>cum</strong></span> <span class='ocrx_word' id='word_1_518' title='bbox 794 4672 864 4729; x_wconf 87' lang='lat' dir='ltr'><strong>Cdd.</strong></span> <span class='ocrx_word' id='word_1_519' title='bbox 884 4677 915 4728; x_wconf 89' lang='lat' dir='ltr'><strong>L.</strong></span> <span class='ocrx_word' id='word_1_520' title='bbox 937 4676 973 4732; x_wconf 91' lang='lat' dir='ltr'><strong>G.</strong></span> <span class='ocrx_word' id='word_1_521' title='bbox 992 4682 1019 4731; x_wconf 85' lang='lat'><strong>2.</strong></span> <span class='ocrx_word' id='word_1_522' title='bbox 1040 4705 1076 4718; x_wconf 90' lang='lat'><strong>-·</strong></span> <span class='ocrx_word' id='word_1_523' title='bbox 1095 4672 1244 4727; x_wconf 78' lang='lat' dir='ltr'><strong>imbecilles</strong></span> <span class='ocrx_word' id='word_1_524' title='bbox 1263 4674 1292 4725; x_wconf 92' lang='lat' dir='ltr'><strong>P.</strong></span> <span class='ocrx_word' id='word_1_525' title='bbox 1311 4672 1345 4722; x_wconf 84' lang='lat' dir='ltr'><strong>V.</strong></span> <span class='ocrx_word' id='word_1_526' title='bbox 1365 4669 1409 4722; x_wconf 87' lang='lat' dir='ltr'><strong>M.</strong></span> <span class='ocrx_word' id='word_1_527' title='bbox 1430 4672 1468 4723; x_wconf 89' lang='lat' dir='ltr'><strong>D.</strong></span> <span class='ocrx_word' id='word_1_528' title='bbox 1490 4673 1516 4724; x_wconf 83' lang='lat'><strong>1·</strong></span> 
     </span>
     <span class='ocr_line' id='line_1_47' title="bbox 178 4738 1516 4824; baseline 0.003 -33"><span class='ocrx_word' id='word_1_529' title='bbox 178 4739 230 4815; x_wconf 81' lang='lat'>(1³)</span> <span class='ocrx_word' id='word_1_530' title='bbox 249 4770 287 4785; x_wconf 68' lang='grc' dir='ltr'><strong>ι-</strong></span> <span class='ocrx_word' id='word_1_531' title='bbox 305 4748 332 4793; x_wconf 82' lang='lat' dir='ltr'><strong>st</strong></span> <span class='ocrx_word' id='word_1_532' title='bbox 350 4762 412 4797; x_wconf 84' lang='lat' dir='ltr'><strong>eum</strong></span> <span class='ocrx_word' id='word_1_533' title='bbox 429 4747 584 4800; x_wconf 80' lang='lat' dir='ltr'><strong>virtutibus</strong></span> <span class='ocrx_word' id='word_1_534' title='bbox 601 4754 632 4801; x_wconf 84' lang='lat' dir='ltr'><strong>in</strong></span> <span class='ocrx_word' id='word_1_535' title='bbox 652 4752 686 4803; x_wconf 91' lang='lat' dir='ltr'><strong>D.</strong></span> <span class='ocrx_word' id='word_1_536' title='bbox 705 4766 780 4822; x_wconf 81' lang='lat' dir='ltr'><strong>susp.</strong></span> <span class='ocrx_word' id='word_1_537' title='bbox 810 4748 860 4824; x_wconf 83' lang='grc'>(11)</span> <span class='ocrx_word' id='word_1_538' title='bbox 880 4774 916 4790; x_wconf 92' lang='grc'>-</span> <span class='ocrx_word' id='word_1_539' title='bbox 936 4760 967 4803; x_wconf 87' lang='lat' dir='ltr'><strong>ut</strong></span> <span class='ocrx_word' id='word_1_540' title='bbox 984 4751 1034 4803; x_wconf 86' lang='lat' dir='ltr'><strong>vel</strong></span> <span class='ocrx_word' id='word_1_541' title='bbox 1048 4738 1109 4802; x_wconf 74' lang='lat' dir='ltr'><strong>sirie</strong></span> <span class='ocrx_word' id='word_1_542' title='bbox 1129 4748 1165 4802; x_wconf 88' lang='lat' dir='ltr'><strong>G.</strong></span> <span class='ocrx_word' id='word_1_543' title='bbox 1186 4764 1260 4820; x_wconf 88' lang='lat' dir='ltr'><strong>susp.</strong></span> <span class='ocrx_word' id='word_1_544' title='bbox 1289 4744 1341 4821; x_wconf 80' lang='lat'>(¹⁵)</span> <span class='ocrx_word' id='word_1_545' title='bbox 1359 4761 1398 4796; x_wconf 74' lang='lat' dir='ltr'><strong>oe</strong></span> <span class='ocrx_word' id='word_1_546' title='bbox 1417 4747 1516 4795; x_wconf 81' lang='lat' dir='ltr'><strong>consi-</strong></span> 
     </span>
     <span class='ocr_line' id='line_1_48' title="bbox 176 4816 1516 4894; baseline 0.015 -27"><span class='ocrx_word' id='word_1_547' title='bbox 176 4826 251 4868; x_wconf 81' lang='lat' dir='ltr'><strong>stere</strong></span> <span class='ocrx_word' id='word_1_548' title='bbox 270 4816 320 4871; x_wconf 87' lang='lat' dir='ltr'><strong>Cd.</strong></span> <span class='ocrx_word' id='word_1_549' title='bbox 342 4821 402 4877; x_wconf 92' lang='lat' dir='ltr'><strong>Mo.</strong></span> <span class='ocrx_word' id='word_1_550' title='bbox 441 4821 491 4892; x_wconf 75' lang='lat'><strong>(¹⁶)</strong></span> <span class='ocrx_word' id='word_1_551' title='bbox 512 4840 576 4876; x_wconf 88' lang='lat' dir='ltr'><strong>cum</strong></span> <span class='ocrx_word' id='word_1_552' title='bbox 596 4822 665 4879; x_wconf 88' lang='lat' dir='ltr'><strong>Cdd.</strong></span> <span class='ocrx_word' id='word_1_553' title='bbox 685 4827 721 4879; x_wconf 89' lang='lat' dir='ltr'><strong>G.</strong></span> <span class='ocrx_word' id='word_1_554' title='bbox 742 4831 770 4878; x_wconf 82' lang='lat'><strong>2.</strong></span> <span class='ocrx_word' id='word_1_555' title='bbox 790 4854 827 4867; x_wconf 92' lang='lat'><em>-</em></span> <span class='ocrx_word' id='word_1_556' title='bbox 846 4825 928 4876; x_wconf 82' lang='lat' dir='ltr'><strong>radio</strong></span> <span class='ocrx_word' id='word_1_557' title='bbox 948 4827 1052 4881; x_wconf 86' lang='lat' dir='ltr'><strong>Ceteri.</strong></span> <span class='ocrx_word' id='word_1_558' title='bbox 1091 4824 1141 4894; x_wconf 82' lang='lat'><strong>(¹⁷)</strong></span> <span class='ocrx_word' id='word_1_559' title='bbox 1161 4839 1226 4881; x_wconf 72' lang='lat' dir='ltr'><strong>tum</strong></span> <span class='ocrx_word' id='word_1_560' title='bbox 1247 4817 1315 4885; x_wconf 67' lang='lat' dir='ltr'><strong>‚Cdd-</strong></span> <span class='ocrx_word' id='word_1_561' title='bbox 1330 4816 1415 4874; x_wconf 64' lang='lat' dir='ltr'><strong>Glut·</strong></span> <span class='ocrx_word' id='word_1_562' title='bbox 1431 4820 1516 4889; x_wconf 81' lang='lat' dir='ltr'><strong>Seqq.</strong></span> 
     </span>
     <span class='ocr_line' id='line_1_49' title="bbox 176 4892 1515 4972; baseline 0.011 -29"><span class='ocrx_word' id='word_1_563' title='bbox 176 4921 216 4933; x_wconf 90' lang='lat'><strong>-·-</strong></span> <span class='ocrx_word' id='word_1_564' title='bbox 234 4892 301 4944; x_wconf 77' lang='lat' dir='ltr'><strong>haec</strong></span> <span class='ocrx_word' id='word_1_565' title='bbox 319 4895 444 4963; x_wconf 87' lang='lat' dir='ltr'><strong>Priores,</strong></span> <span class='ocrx_word' id='word_1_566' title='bbox 464 4903 549 4952; x_wconf 85' lang='lat' dir='ltr'><strong>etiam</strong></span> <span class='ocrx_word' id='word_1_567' title='bbox 569 4901 601 4952; x_wconf 89' lang='lat' dir='ltr'><strong>V.</strong></span> <span class='ocrx_word' id='word_1_568' title='bbox 624 4901 655 4953; x_wconf 87' lang='lat' dir='ltr'><strong>L.</strong></span> <span class='ocrx_word' id='word_1_569' title='bbox 693 4901 745 4970; x_wconf 81' lang='grc'>(13)</span> <span class='ocrx_word' id='word_1_570' title='bbox 766 4926 801 4945; x_wconf 74' lang='grc'><strong>«-</strong></span> <span class='ocrx_word' id='word_1_571' title='bbox 820 4902 966 4953; x_wconf 85' lang='lat' dir='ltr'><strong>commoda</strong></span> <span class='ocrx_word' id='word_1_572' title='bbox 985 4901 1035 4956; x_wconf 83' lang='lat' dir='ltr'><strong>ed.</strong></span> <span class='ocrx_word' id='word_1_573' title='bbox 1057 4900 1151 4972; x_wconf 86' lang='lat' dir='ltr'><strong>Steph.</strong></span> <span class='ocrx_word' id='word_1_574' title='bbox 1199 4898 1258 4972; x_wconf 71' lang='lat'><strong>(¹⁹)</strong></span> <span class='ocrx_word' id='word_1_575' title='bbox 1277 4894 1462 4967; x_wconf 63' lang='lat' dir='ltr'><strong>mficert&#39;nt</strong></span> <span class='ocrx_word' id='word_1_576' title='bbox 1482 4894 1515 4946; x_wconf 68' lang='lat'><strong>¹⁴·</strong></span> 
     </span>
     <span class='ocr_line' id='line_1_50' title="bbox 175 4965 1574 5052; baseline 0.007 -39"><span class='ocrx_word' id='word_1_577' title='bbox 175 4965 207 5021; x_wconf 75' lang='grc' dir='ltr'><strong>Ε,</strong></span> <span class='ocrx_word' id='word_1_578' title='bbox 229 4999 262 5047; x_wconf 43' lang='lat'><strong>5</strong></span> <span class='ocrx_word' id='word_1_579' title='bbox 283 4967 420 5037; x_wconf 76' lang='lat' dir='ltr'><strong>elegerint</strong></span> <span class='ocrx_word' id='word_1_580' title='bbox 440 4974 552 5028; x_wconf 85' lang='lat' dir='ltr'><strong>Gruteri</strong></span> <span class='ocrx_word' id='word_1_581' title='bbox 573 4993 647 5048; x_wconf 88' lang='lat' dir='ltr'><strong>susp.</strong></span> <span class='ocrx_word' id='word_1_582' title='bbox 669 5004 703 5018; x_wconf 89' lang='lat'><strong>·-</strong></span> <span class='ocrx_word' id='word_1_583' title='bbox 722 4973 854 5028; x_wconf 79' lang='lat' dir='ltr'><strong>dederint</strong></span> <span class='ocrx_word' id='word_1_584' title='bbox 872 4975 907 5029; x_wconf 91' lang='lat' dir='ltr'><strong>D.</strong></span> <span class='ocrx_word' id='word_1_585' title='bbox 929 4995 1003 5052; x_wconf 80' lang='lat' dir='ltr'><strong>susp.</strong></span> <span class='ocrx_word' id='word_1_586' title='bbox 1023 4993 1060 5033; x_wconf 70' lang='lat' dir='ltr'><strong>sm</strong></span> <span class='ocrx_word' id='word_1_587' title='bbox 1079 4979 1195 5028; x_wconf 82' lang='lat' dir='ltr'><strong>iecerint</strong></span> <span class='ocrx_word' id='word_1_588' title='bbox 1215 4972 1322 5033; x_wconf 80' lang='lat' dir='ltr'><strong>Giianit</strong></span> <span class='ocrx_word' id='word_1_589' title='bbox 1342 4989 1418 5043; x_wconf 89' lang='lat' dir='ltr'><strong>susp.</strong></span> <span class='ocrx_word' id='word_1_590' title='bbox 1443 4984 1514 5023; x_wconf 80' lang='lat' dir='ltr'><strong>vers.</strong></span> <span class='ocrx_word' id='word_1_591' title='bbox 1571 5001 1574 5009; x_wconf 91' lang='lat'>·</span> 
     </span>
    </p>
   </div>
   <div class='ocr_carea' id='block_1_6' title="bbox 0 0 1601 5492">
    <p class='ocr_par' dir='ltr' id='par_1_8' title="bbox 0 0 1601 5492">
     <span class='ocr_line' id='line_1_51' title="bbox 0 0 1601 5492; baseline 0 0"><span class='ocrx_word' id='word_1_592' title='bbox 0 0 1601 5492; x_wconf 95' lang='lat' dir='ltr'><strong> </strong></span> 
     </span>
    </p>
   </div>
   <div class='ocr_carea' id='block_1_7' title="bbox 1592 1742 1594 2513">
    <p class='ocr_par' dir='ltr' id='par_1_9' title="bbox 1592 1742 1594 2513">
     <span class='ocr_line' id='line_1_52' title="bbox 1592 1742 1594 2513; baseline 0 0"><span class='ocrx_word' id='word_1_593' title='bbox 1592 1742 1594 2513; x_wconf 95' lang='lat' dir='ltr'><strong> </strong></span> 
     </span>
    </p>
   </div>
  </div>
 </body>
</html>
