3226 5488
253 430 317 496 310
619 432 622 439 ’
682 430 827 497 PETRI
849 428 1130 503 vatnunlan

255 569 327 635 veri
349 581 452 635 tamen
476 581 508 635 et
529 591 627 656 agere
638 570 785 658 ‘'aliquidr
807 542 937 658 relitiuit
958 571 1168 663 (Carneades)
1190 568 1343 635 eiusmodi
1365 567 1431 635 visa
1452 570 1536 655 quibu

254 667 294 729 ad
314 662 470 727 actionem
492 665 691 730 excitemur:
727 664 802 729 item
824 686 859 729 ea
883 687 963 751 quae
984 663 1178 750 interrogati
1207 663 1239 727 in
1261 676 1428 750 utramque
1446 677 1538 748 patten

188 778 191 785 ·
253 759 449 840 respondere
470 779 657 841 possumus,
681 770 851 842 sequentes
873 762 1108 835 tantummodo,
1133 761 1220 842 quod
1241 758 1284 821 ita
1298 759 1403 822 rmum
1416 759 1469 834 sit,
1489 762 1539 822 dou

254 852 322 917 eine
344 874 492 917 assensu:
515 875 618 940 neque
638 866 744 918 tameo
766 855 870 919 omnia
885 853 1037 917 eiusmodi
1052 853 1120 917 visa
1135 852 1330 935 approbari,
1356 854 1413 916 scd
1432 874 1539 938 eaquae

166 1000 170 1011 .
255 946 398 1010 nullane
426 946 675 1031 impediantur”,
699 948 731 1011 id
764 958 831 1021 est,
865 968 928 1011 non
959 968 1068 1011 omnes
1094 947 1293 1029 phantasias,
1330 949 1389 1009 sed
1411 948 1541 1030 quaesiui

255 1040 455 1123 aperispasti.
501 1042 605 1122 Quum
628 1052 733 1105 autem
755 1042 823 1105 visa
845 1061 880 1104 ea
902 1040 1013 1105 relicta
1028 1040 1120 1116 dicit,
1145 1061 1204 1104 nec
1218 1041 1341 1103 sublata
1358 1061 1375 1102 a
1391 1039 1538 1115 Carneade,

255 1155 337 1218 quae
365 1134 558 1219 interrogati
589 1134 620 1198 in
648 1147 814 1220 utramque
842 1147 964 1217 partem
993 1138 1187 1218 respondere
1217 1133 1397 1216 possimus,
1432 1133 1541 1197 Carnu·

255 1231 344 1292 deam
371 1228 536 1311 'qttandam
565 1228 799 1309 phantasiarum
828 1227 1016 1292 divisionem
1044 1250 1061 1291 a
1084 1228 1241 1293 Numerio
1263 1228 1431 1291 indicatam
1452 1227 1543 1313 sigtrih

141 1382 144 1399 ,
254 1343 328 1385 care
350 1321 436 1384 illurn
452 1320 592 1386 voluisse
606 1320 822 1384 existimarim.
866 1322 1055 1386 Phantasiae
1077 1323 1155 1386 aliae
1175 1323 1327 1398 θετικαι,
1352 1322 1463 1394 idest,
1484 1322 1543 1383 affir-

177 1470 179 1479 ,
254 1426 385 1492 mantes,
410 1414 501 1500 quasi
522 1413 627 1492 dicas,
651 1415 823 1517 positivae,
846 1436 928 1500 quiae
950 1416 1155 1479 affirmantem
1177 1416 1420 1498 responsionem
1435 1413 1542 1477 eliciant.

253 1504 427 1572 Alterae’
408 1508 598 1597 aprnrtttett',
621 1506 651 1570 id
674 1519 741 1582 est,
765 1521 916 1593 negantes
937 1510 1005 1573 sive
1020 1510 1205 1602 negativae,
1229 1532 1310 1595 qrrae
1333 1511 1377 1572 ad
1398 1510 1543 1614 negandus

253 1601 432 1684 impellunt.
487 1600 636 1666 Numenii
657 1603 797 1666 verba¹a
830 1598 933 1669 κακὸν
965 1598 998 1669 δ’
1027 1603 1068 1684 ἠν
1102 1602 1143 1671 civ
1174 1594 1543 1711 transmutasset

253 1690 450 1783 Καρνεάδης
470 1696 517 1788 τῷ
533 1689 757 1787 Ἀρκεσιλάῳ,
777 1691 824 1783 μὴ
843 1689 1037 1783 χαλάσας
1010 1721 1041 1762 τι
1058 1691 1212 1784 σμικρὸν,
1234 1690 1289 1788 ὑφ’
1309 1686 1349 1760 αὖ
1372 1691 1432 1761 οὐκ
1446 1692 1543 1802 ἄκραι.

253 1810 306 1852 τοι
340 1785 474 1874 ἔμελλον
502 1789 666 1870 ἔσεσθαι,
701 1785 787 1855 κατὰ
816 1785 876 1867 τὰς
907 1784 973 1855 ἀπὸ
1005 1791 1065 1856 τοῦ
1096 1790 1249 1855 πιθανοῦ
1276 1791 1454 1875 λεγομένας
1480 1783 1543 1894 “lii

130 1936 137 1957 ,
251 1877 395 1959 θετικάς
415 1906 449 1949 τι
481 1888 537 1949 καὶ
558 1878 735 1971 demessae
765 1883 970 1992 φαντασίας,
1009 1884 1069 1950 τοῦ
1100 1873 1183 1948 εἶναι
1213 1877 1286 1947 τόδε
1319 1906 1351 1947 τι
1381 1877 1496 1963 ζῶον’
1477 1907 1495 1961 η
1514 1877 1543 1964 pi

254 1963 388 2056 ζῶον
356 1999 456 2056 etune,
479 1977 598 2041 idest:
629 1979 751 2041 Malum
773 1978 872 2061 igitur
894 1977 977 2041 malo
999 1987 1176 2041 accesserat
1191 1976 1357 2040 Arcesilae
1374 1976 1542 2045 Carneades,

253 2090 312 2132 nec
333 2068 491 2133 minimum
525 2070 686 2155 quippiam
719 2074 807 2155 quod
833 2070 1050 2150 (adversariis)
1079 2091 1143 2133 non
1171 2070 1281 2132 inutile
1314 2074 1402 2132 esset
1431 2069 1543 2130 iuturun

253 2164 428 2228 remittens.
484 2165 616 2229 Illarum
638 2165 871 2247 phantasiarum
894 2164 1055 2246 exemplo,
1086 2185 1165 2248 quas
1187 2162 1428 2245 probabilitatis
1450 2161 1543 2223 ratione

252 2257 382 2321 aientes
402 2271 436 2322 et
456 2269 622 2342 negantes
644 2258 744 2332 dixit,
776 2269 812 2321 ut
844 2268 968 2322 essetne
998 2259 1064 2320 hoc
1091 2257 1202 2319 animal
1244 2259 1293 2319 vel
1314 2278 1381 2319 nou
1404 2267 1482 2319 esset
1499 2257 1542 2332 (re¹

254 2353 415 2432 spondere
436 2350 561 2429 liceret)
583 2363 677 2433 atque
699 2352 760 2414 hac
777 2351 933 2415 divisione
954 2353 994 2414 ab
1010 2350 1172 2433 Aphasia,
1195 2350 1316 2427 idest,
1341 2351 1446 2413 altero
1461 2347 1544 2410 Stoico

253 2443 512 2508 terriculamento
529 2443 764 2508 liberabantur.

336 2537 417 2600 Illae
446 2548 549 2601 autem
577 2538 657 2601 aliae
678 2536 861 2620 phantasiae
882 2540 999 2624 qriibus
1027 2540 1066 2600 ad
1096 2537 1249 2603 actionem
1272 2537 1465 2610 excitemur,
1492 2534 1542 2597 iden

188 2688 192 2691 ,
252 2629 382 2695 relictae
402 2644 493 2709 sunt,
527 2644 562 2695 ut
584 2633 765 2714 Apamia,
800 2631 920 2708 idest,
956 2631 1088 2697 actionis
1109 2632 1275 2695 universae
1298 2631 1442 2713 privatio
1450 2632 1472 2704 ²,
1497 2646 1542 2711 qno

252 2727 389 2791 maximo
421 2728 523 2791 altero
544 2726 804 2791 terriculamento
839 2725 940 2791 Stoici
962 2728 1002 2789 ab
1035 2727 1156 2808 epoche
1188 2725 1371 2789 absterrere
1402 2725 1541 2792 volebant,

253 2831 470 2884 evanesceret.
515 2821 558 2885 Ut
581 2820 663 2884 enim
684 2819 754 2906 quis
778 2823 817 2883 ad
839 2820 995 2889 actionem
1016 2829 1202 2895 moveatur,
1226 2840 1263 2882 ac
1283 2820 1337 2882 rel
1351 2829 1479 2900 appetat
1490 2811 1543 2900 quid

160 2905 164 2915 ’
254 2913 305 2976 vel
323 2914 469 2989 declinet,
492 2913 669 3020 probabilis
685 2913 767 2979 risio
787 2913 835 2977 rei
856 2916 895 2976 ad
915 2925 1059 2979 naturam
1074 2916 1343 2989 accommodatae,
1369 2913 1423 2976 vel
1443 2922 1543 2974 natmat

251 3006 470 3071 incommodae
499 3007 574 3070 satis
596 3019 662 3083 est,
697 3005 793 3070 etiarn
822 3007 849 3069 si
871 3028 1016 3073 assensus
1043 3007 1230 3075 retineatur.
1288 3009 1360 3071 Nec
1383 3027 1486 3071 verum
1510 3008 1543 3063 est

252 3102 345 3206 qrrod
362 3100 463 3164 Stoici
485 3099 620 3164 maxime
637 3112 844 3208 propugnant
865 3113 958 3183 atque
979 3093 1358 3188 praesentaturque,
1391 3100 1426 3164 id
1446 3110 1488 3163 est
1504 3114 1542 3173 ap

253 3192 439 3275 petitionem
463 3214 609 3268 emnem,
639 3194 735 3258 immo
757 3204 789 3257 et
810 3205 920 3258 sensus
941 3194 1030 3276 ipsos
1052 3202 1122 3257 cnm
1144 3194 1380 3276 approbatione
1402 3178 1542 3255 continua

251 3288 429 3352 necessario
452 3309 564 3361 esse,.
576 3306 635 3351 nec
667 3287 777 3351 divelli
808 3288 937 3369 posse³
995 3288 1071 3350 Hoc
1103 3286 1185 3351 enim
1222 3287 1313 3350 etiam
1336 3286 1400 3368 ipsi
1421 3285 1494 3358 sibi,
1520 3288 1542 3340 ut

251 3381 373 3459 solent,
411 3380 564 3444 contrarii
592 3381 731 3455 tollunt,
769 3402 866 3467 quum
895 3391 927 3444 et
948 3379 1081 3463 sapienti
1102 3401 1160 3444 suo
1183 3380 1215 3442 in
1234 3381 1424 3464 quibusdam
1446 3374 1541 3458 epoche

251 3484 283 3538 et
304 3474 486 3555 probibuit
513 3475 560 3537 uti
586 3475 782 3555 permittant.
827 3475 950 3538 Verum
978 3476 1126 3537 universa
1148 3474 1231 3539 ratio
1249 3477 1327 3537 haec
1349 3496 1367 3537 a
1392 3469 1540 3539 Plutarcho

251 3567 282 3630 io
304 3566 390 3631 libro
419 3569 570 3631 adsersus
602 3566 761 3644 Coloten,
796 3588 838 3631 ex
860 3568 1050 3633 Academica
1073 3589 1167 3652 quam
1190 3568 1257 3649 ipse
1279 3568 1452 3649 profitetur
1471 3557 1540 3627 disci*

251 3660 355 3742 plina,
378 3659 631 3724 commodissime
653 3661 843 3743 explicatur.
887 3662 996 3743 Ipsum
1017 3662 1224 3725 Plutarchum
1246 3660 1338 3735 audi,
1363 3663 1419 3723 sed
1440 3680 1477 3722 ex
1489 3673 1541 3717 ver·

252 3754 342 3818 sione
363 3766 485 3819 nostra.
540 3756 609 3828 ,At
631 3753 788 3830 Colotae,
821 3753 869 3817 nti
897 3754 1063 3831 existimo,
1097 3775 1134 3817 ea
1157 3776 1238 3838 qtiae
1259 3757 1299 3818 de
1320 3754 1541 3835 appetitioneet

251 3844 432 3911 assensione
453 3848 606 3930 disputari
628 3848 751 3923 solent,
786 3869 1035 3913 commemorare
1057 3848 1188 3954 perinde
1209 3848 1305 3912 suerit
1327 3870 1365 3912 ac
1386 3849 1483 3927 lyram
1501 3861 1539 3904 etr

173 4014 176 4021 ¹
250 3961 318 4004 ram
341 3941 428 4004 asino
450 3942 588 4023 pulsare.
641 3941 805 4004 Verum''
786 3956 841 4016 ιιι,
866 3941 922 4026 qui
944 3943 1068 4028 assequi
1088 3945 1168 4009 haec
1189 3954 1221 4005 et
1242 3940 1351 4006 audire
1373 3942 1491 4014 valent,
1509 3933 1540 3996 sit
1580 4008 1581 4019 χ

252 4035 335 4097 dicta
356 4045 463 4100 sunto.
508 4035 613 4115 Qtutm
641 4035 760 4116 triplici
781 4033 902 4101 animm
924 4035 1092 4099 allectione
1116 4048 1298 4111 moveatur,
1338 4048 1392 4099 mit
1413 4034 1486 4096 enim
1506 4025 1539 4089 ri·

230 4126 342 4191 'mone
363 4127 517 4204 allicitur,
550 4139 603 4191 aut
624 4126 827 4233 appetitione
841 4140 1007 4203 movetur,
1045 4141 1098 4192 aut
1119 4130 1307 4193 assentitur:
1330 4129 1468 4211 priorem
1489 4118 1581 4205 qil

252 4224 324 4284 dem
346 4221 517 4285 motionem
540 4242 600 4285 nec
628 4222 657 4284 si
677 4222 752 4285 velit
773 4221 845 4305 quis
866 4224 1037 4328 prohibere
1059 4223 1181 4305 possit.
1207 4244 1338 4287 necesse
1360 4224 1441 4285 enim
1461 4228 1500 4281 est
1515 4220 1538 4273 11¹

44 4362 54 4381 ι
110 4334 112 4343 ’
161 4388 162 4393 1
250 4335 357 4377 rerum
379 4314 603 4379 incurrentium
625 4314 743 4399 effigies
764 4315 859 4379 nobis
880 4315 1098 4397 imprimantur
1113 4328 1205 4400 atque
1219 4319 1268 4381 ab
1290 4315 1351 4379 illis
1373 4312 1536 4378 afficiamur:

252 4418 286 4472 at
312 4429 394 4472 vero
422 4407 625 4499 appetitionis
653 4409 795 4489 (allectio
823 4420 877 4477 aut
903 4409 1052 4488 facultas)
1082 4408 1284 4492 aphantasia
1313 4408 1447 4483 excitata
1465 4405 1498 4466 ad
1512 4415 1537 4459 tt
1579 4414 1580 4469 t

253 4566 1536 4600 Μ

308 4683 366 4752 (¹)
390 4682 441 4755 Ar
470 4679 570 4735 hatab·
598 4695 722 4755 artarer
747 4678 839 4741 1.1a.
869 4680 901 4735 G
929 4687 993 4753 ap
996 4687 1088 4742 crat.
1130 4681 1169 4757 (ι)
1189 4680 1313 4735 viden.
1335 4685 1376 4737 au
1414 4696 1446 4735 a.
1463 4684 1534 4731 conta

138 4784 141 4788 ⁸
250 4758 335 4815 Acad.
364 4756 384 4811 l.
413 4761 440 4809 2.
461 4770 486 4807 o.
507 4760 571 4814 5et
597 4761 642 4813 11.
694 4752 732 4826 (³)
762 4754 902 4810 Plutarch.
929 4754 962 4808 de
976 4699 1075 4811 pStolo.
1103 4754 1264 4811 contraries.
1284 4776 1317 4847 p.
1340 4763 1419 4835 107.
1395 4747 1531 4815 71ιιΒ

217 4820 238 4888 ,”
252 4833 289 4923 (i)
314 4831 383 4887 Vide
403 4829 519 4900 Sphaeri
545 4832 634 4885 Stoici
664 4818 873 4884 distinctionem
902 4834 975 4885 inter
1002 4828 1059 4903 τὴν
1084 4827 1315 4905 καταληπτικὴν
1338 4827 1498 4907 φαντασίαι
1513 4832 1530 4870 ⁸1
1578 4878 1579 4883 ,

249 4902 290 4963 τὸ
304 4902 443 4980 εὔλογον,
462 4904 490 4957 id
509 4920 568 4970 est,
592 4903 756 4977 probabile,
786 4923 841 4979 qno
860 4904 920 4959 sihi
933 4911 974 4961 nti
994 4910 1152 4979 permittit,
1171 4906 1244 4981 apud
1264 4904 1462 4962 Athensenml.
1477 4906 1530 4967 87

253 4984 317 5042 135
337 4977 738 5038 transcucurrerunt.
