3226 5488
281 436 346 504 sao
470 526 476 539 Ι
722 438 866 508 raum
887 441 1166 508 vannuman

69 590 74 661 ξ
184 598 197 603 ’
281 591 418 663 propter
450 578 559 662 opinio
588 581 663 643 dum
691 579 776 644 intra
804 579 989 648 affectiones
1022 594 1143 660 manet,
1174 604 1194 648 a
1223 584 1317 669 lapsu
1344 596 1377 650 et
1397 607 1493 651 errore
1507 611 1549 653 sue

69 684 71 689 ’
177 735 180 741 ,
280 686 379 738 tutam
401 686 590 750 conservat,
625 675 651 737 si
673 694 754 739 vero
776 682 870 738 exeat
891 687 923 738 et
952 675 1079 740 etuiose
1099 679 1197 741 rebus
1219 700 1301 764 quae
1322 691 1412 743 extra
1432 693 1549 757 sunt,u

280 769 453 843 immisceat
473 767 544 830 illas
565 767 741 831 iudicatura
762 779 816 831 aut
838 770 877 832 de
898 768 974 850 ipsis
995 770 1259 852 pronuntiatura,
1283 784 1314 837 et
1337 794 1406 837 sese
1425 773 1485 855 ipsa
1501 778 1550 838 nnl-

279 863 376 927 toties
408 864 578 944 perturbat
605 874 699 946 atque
727 882 744 924 a
770 861 997 945 tranquillitate
1019 863 1154 941 excidit3
1191 876 1225 929 et
1245 888 1314 930 essm
1339 866 1406 930 aliis
1427 870 1550 932 certamina

280 968 312 1019 et
333 955 555 1020 contentiones
577 955 652 1031 init,
689 954 744 1041 qui
757 956 797 1018 ab
818 954 930 1020 uadem
948 959 1044 1023 rebus
1059 958 1234 1023 soumarias
1250 960 1433 1025 affectiones
1449 973 1478 1025 et
1486 963 1550 1044 pln-

280 1048 375 1112 tasias
398 1049 567 1132 accipiunt.
660 1086 665 1093 ·

365 1141 467 1206 Vides
488 1163 568 1229 quae
584 1144 704 1207 horum
725 1142 822 1208 fuerit
851 1144 1020 1210 sententia.
1075 1146 1166 1228 Quae
1187 1145 1264 1224 mihi
1285 1147 1410 1233 quidem
1433 1168 1489 1211 non
1504 1161 1550 1230 pru·

279 1238 382 1301 banda
403 1257 462 1299 nec
482 1236 613 1300 ridenda
635 1248 737 1300 tamen
759 1238 826 1305 ullo
848 1240 945 1303 modo
967 1240 1112 1315 videtur,
1136 1262 1232 1324 quum
1254 1253 1285 1305 ct
1306 1242 1351 1305 D.
1377 1241 1550 1325 Augustinol

278 1333 434 1416 probasse
463 1329 564 1413 magis
596 1330 682 1393 illam
716 1353 811 1416 quam
838 1332 988 1397 reiecisse
1009 1333 1169 1398 videatur.
1221 1335 1267 1398 At
1288 1335 1421 1399 aliarum
1441 1347 1550 1398 scetarun

277 1425 480 1511 professores
503 1445 543 1489 eo
566 1427 661 1490 modo
684 1425 784 1488 aliena
799 1427 948 1511 dogmata
964 1427 1078 1510 quibus
1092 1426 1313 1513 impugnandis
1328 1448 1400 1492 sese
1416 1428 1548 1513 accingunt,

276 1519 428 1605 proferre
460 1530 493 1582 et
524 1518 726 1601 interpretari
748 1540 868 1583 morem
890 1521 1026 1595 babent,
1059 1519 1102 1583 ita
1122 1522 1270 1604 turpibus
1291 1522 1456 1587 coloribus
1480 1521 1550 1603 depis-

264 1622 356 1701 ‘gere
378 1635 416 1676 ac
436 1624 677 1695 repraesentare
698 1612 819 1691 solent,
844 1624 880 1676 ut
901 1613 979 1676 nihil
998 1616 1058 1676 bac
1082 1615 1151 1698 ipsa
1172 1614 1322 1697 opinione
1340 1614 1496 1678 ridendum
1514 1635 1549 1676 na·

279 1707 348 1794 gis,
379 1705 427 1770 uti
448 1706 571 1770 abillis
592 1707 719 1788 prolata
741 1717 809 1784 est,
846 1705 982 1770 inveniri
1002 1728 1099 1789 posse
1120 1708 1279 1772 videatur.
1324 1707 1421 1789 Quali
1441 1706 1548 1769 cachiru

278 1825 297 1868 a
320 1801 437 1866 Golote
467 1800 601 1881 explosa
623 1800 683 1875 sit,
721 1801 935 1864 Plutarchus²
964 1801 1104 1884 scripsit.
1162 1802 1341 1889 Aristocles
1364 1799 1548 1883 Peripatetico

278 1897 325 1962 sic
346 1894 438 1960 nobis
459 1895 619 1957 ridendam
640 1892 833 1976 propinat³:
868 1894 1132 1981 ,Consequantur
1153 1896 1280 1981 (inquit)
1297 1896 1362 1975 ,hos
1385 1896 1419 1971 ii,
1443 1895 1490 1979 qui
1505 1894 1548 1956 ale

278 1989 400 2054 stiones
423 1988 509 2052 solas
532 1987 757 2069 comprehendi
777 2008 874 2070 posse
897 1990 1024 2068 dicunt,
1049 1991 1198 2055 dixerrmt
1219 2010 1298 2054 vero
1319 1990 1386 2054 hoc
1409 1989 1548 2072 quidanu

278 2081 420 2164 Cyrene.
465 2082 510 2146 Hi
539 2093 643 2145 autem
673 2081 760 2144 velut
781 2081 804 2144 ii
825 2083 881 2166 qui
902 2085 1049 2169 lethargo
1071 2095 1144 2146 sunt
1165 2081 1330 2164 oppressi,
1365 2081 1445 2144 nihil
1464 2078 1547 2146 omnint

276 2177 399 2261 uspiam
423 2197 491 2241 esse
513 2175 752 2250 existimabant,
791 2176 852 2240 nisi
873 2178 943 2261 quis
976 2178 1055 2241 adsit
1086 2176 1143 2260 qui
1163 2177 1250 2259 ipsos
1269 2175 1365 2241 feriat
1388 2187 1442 2239 aut
1460 2183 1547 2257 pungat

275 2277 422 2358 Namque
444 2271 471 2334 si
502 2281 555 2332 aut
586 2281 754 2333 urerentur
784 2283 838 2357 apt
858 2282 1044 2351 secarentur
1071 2291 1268 2357 cognoscere
1290 2292 1323 2333 se
1345 2267 1499 2354 quidpiam
1513 2262 1547 2347 pal

184 2439 187 2445 ⁷
276 2369 443 2442 dicebant;
478 2376 581 2428 utrum
604 2385 684 2428 vero
707 2387 772 2448 quo
794 2377 965 2429 urerentur
985 2365 1069 2449 ignis
1092 2378 1145 2429 aut
1166 2385 1231 2448 quo
1246 2375 1451 2438 secarentur,
1471 2362 1547 2425 lenm

271 2458 382 2536 esset,
407 2470 546 2523 staurere
567 2479 632 2521 non
653 2478 761 2549 posse.
805 2461 874 2524 Eos
896 2472 1000 2524 autem
1019 2459 1074 2544 qui
1094 2459 1155 2523 ista
1181 2459 1304 2533 dicunt,
1328 2469 1428 2542 roget
1448 2453 1546 2538 protinus

279 2552 413 2638 aliquis:
445 2574 484 2617 an
505 2553 569 2627 hoe
590 2552 701 2614 saltem
730 2550 848 2627 sciant,
863 2584 866 2589 ·
882 2553 949 2635 pati
969 2573 1082 2634 nempe
1112 2575 1147 2618 sc
1173 2574 1210 2616 ae
1231 2550 1368 2627 sentire3
1408 2544 1546 2633 namqui

275 2648 434 2724 nesciant,
468 2666 527 2711 neo
557 2644 635 2708 illud
655 2642 779 2728 possint
800 2644 925 2722 dicere,
964 2647 1066 2711 solam
1090 2667 1124 2710 se
1153 2645 1353 2710 allectionem
1381 2659 1568 2739 cognoscesq

276 2741 312 2806 Si
332 2761 411 2805 vero
434 2738 555 2815 sciunt,
577 2758 642 2803 non
663 2738 752 2802 solae
770 2739 952 2804 affectiones
966 2738 1267 2823 comprehensibiles
1280 2737 1405 2802 fuerint
1421 2738 1544 2800 dicendae:

275 2833 303 2901 si
324 2834 449 2920 quidem
469 2832 573 2908 istud,
606 2853 673 2915 ego
693 2852 802 2910 uror,
833 2834 961 2897 effatum
983 2846 1051 2910 est,
1076 2855 1140 2905 non
1161 2832 1302 2899 affectio.
1344 2833 1470 2895 Verum
1487 2828 1544 2892 enin

274 2949 355 2994 vero
377 2928 439 2991 tria
458 2927 538 2990 haec
559 2923 652 2987 simul
673 2924 848 2989 subsistere
865 2938 913 2991 est
926 2947 1073 3003 necesse,
1096 2927 1197 3010 ipsa·
1213 2924 1435 3002 affectionem,
1458 2918 1544 3004 etqui

274 3022 359 3088 illam
379 3019 494 3097 infert,
531 3029 626 3103 atque
654 3017 688 3082 id
709 3021 796 3105 quod
817 3020 1017 3085 affectionem
1040 3021 1159 3103 excipit
1187 3041 1225 3083 ac
1245 3018 1380 3102 patitur.
1438 3020 1471 3083 Is
1488 3014 1544 3100 igin

275 3115 328 3193 eui
349 3114 475 3180 allectio
497 3113 629 3188 accidit,
651 3112 737 3178 illam
759 3113 870 3178 sentiet
891 3114 1018 3200 utique:
1041 3136 1105 3180 non
1119 3113 1232 3178 etenim
1254 3134 1289 3176 se
1309 3110 1461 3195 (exempli
1479 3088 1563 3179 caruli

274 3208 415 3275 calefieri
441 3217 634 3292 eognoscet;
666 3218 773 3270 utrum
805 3219 910 3273 autem
940 3209 1009 3293 ipse
1037 3231 1076 3274 an
1105 3207 1205 3292 ipsius
1234 3205 1356 3271 vicinus
1377 3205 1412 3268 id
1433 3201 1541 3287 pariam

273 3301 455 3389 ignorabit:
480 3323 517 3364 ac
538 3322 622 3364 nunc
641 3300 674 3364 id
695 3301 876 3387 contingat,
891 3296 939 3367 'an
961 3303 1049 3368 heria
1084 3303 1277 3378 Athenisne,
1301 3321 1340 3364 an
1362 3298 1396 3362 in
1419 3300 1541 3395 Aegypto

273 3398 408 3462 virusne
434 3405 545 3460 uratur
578 3412 618 3457 an
649 3406 810 3471 mortuum
847 3396 986 3463 homone
1014 3398 1082 3482 ipse
1104 3397 1158 3482 qui
1189 3406 1300 3460 uratur
1327 3392 1389 3467 sit,
1426 3412 1463 3457 an
1482 3390 1540 3467 lapsu

273 3512 355 3576 ergo
385 3502 417 3553 et
448 3511 466 3553 a
503 3509 568 3573 quo
589 3487 621 3551 id
642 3486 798 3571 patiatur,
835 3489 934 3555 scieta
971 3511 1104 3577 namque
1125 3488 1177 3555 alii
1198 3490 1278 3554 alios
1300 3485 1445 3550 homines
1465 3495 1541 3564 cogit·

272 3595 366 3649 scunt
387 3581 564 3658 nesciunt,
598 3580 666 3644 vias
688 3602 817 3667 quoque
839 3595 872 3648 et
892 3587 1007 3661 urbes,
1042 3599 1074 3649 et
1095 3584 1220 3649 cibuma
1255 3581 1394 3645 artifices
1418 3578 1500 3642 etiam
1512 3584 1539 3632 su

271 3677 480 3742 instrumenta
507 3686 719 3761 cognoscunt.
775 3677 896 3742 Medici
928 3700 1056 3763 quoque
1082 3690 1113 3743 et
1144 3677 1166 3742 ii
1196 3675 1251 3762 qui
1271 3674 1416 3741 nauticae
1437 3670 1480 3735 rei
1503 3668 1540 3727 snt

272 3771 388 3855 periti,
422 3771 531 3855 intuma
553 3772 703 3834 adnotant
724 3790 761 3832 ac
781 3766 1024 3851 praenuntiant:
1050 3791 1208 3857 canesque
1228 3770 1368 3834 ferarum
1392 3760 1538 3855 transiret

272 3864 408 3949 vestigia
430 3862 646 3928 adinveniunt.
703 3865 876 3929 Praeterea
898 3865 952 3950 qui
980 3866 1139 3951 quidpiam
1161 3864 1298 3947 patitur,
1336 3858 1537 3923 necessarior

274 3961 545 4021 accommodatum
577 3956 610 4019 id
641 3978 715 4020 suae
746 3968 877 4021 naturae
909 3969 963 4023 aut
995 3960 1042 4023 uti
1076 3958 1312 4023 incommodum
1340 3953 1489 4037 percipit:
1513 3948 1538 4004 ad

272 4042 425 4114 undenam
447 4050 600 4115 affirmare
620 4051 759 4133 poterit,
794 4053 985 4134 voluptasne
1003 4053 1037 4115 id
1057 4054 1115 4128 sit,
1139 4073 1177 4115 an
1200 4049 1317 4115 dolor?
1349 4061 1404 4112 aut
1426 4034 1537 4132 quodffl‘

272 4148 346 4209 dum
369 4155 493 4230 gustat,
518 4156 571 4207 aut
592 4146 664 4208 dum
687 4145 791 4221 videt,
815 4158 869 4211 aut
891 4150 962 4210 dum
986 4146 1072 4210 audit
1093 4144 1249 4211 allicitur?
1272 4156 1365 4227 atque
1387 4143 1459 4205 dnm
1478 4132 1538 4228 gusti

272 4239 381 4323 lingua
403 4259 440 4301 ac
462 4237 547 4302 videt
569 4239 667 4304 oculis
691 4251 722 4303 et
744 4238 872 4304 auribus
894 4240 1005 4304 audit?
1035 4242 1102 4306 Aut
1123 4240 1285 4323 quomodo
1307 4236 1413 4299 sciunt
1433 4235 1533 4307 hoequ

272 4335 341 4395 dem
364 4353 477 4414 capere
501 4343 673 4414 oportere,
709 4334 823 4418 fugere
844 4332 945 4397 illud?
967 4337 1055 4417 quod
1079 4333 1106 4399 si
1138 4334 1251 4398 horum
1278 4329 1355 4394 nihil
1376 4329 1485 4400 sciant,
1507 4326 1533 4376 tt

271 4423 465 4507 appetitione
496 4426 548 4509 agi
577 4446 635 4489 nec
660 4427 770 4490 conari
799 4426 968 4512 quidquam
999 4438 1169 4510 poterunt,
1204 4445 1305 4507 eaque
1334 4420 1456 4487 ratione
1476 4418 1532 4488 nti*

272 4517 444 4581 animantes
467 4518 591 4602 quidem
614 4531 724 4594 erunt;
747 4520 913 4583 ridiculum
932 4519 1015 4584 enim
1034 4520 1150 4596 suerit,
1174 4519 1200 4583 si
1223 4519 1343 4593 dicant,
1367 4503 1534 4591 haecquibt

271 4609 333 4672 illis
350 4611 554 4696 contingere,
578 4615 741 4699 quomodo
760 4635 840 4678 vero
858 4613 1017 4690 accidant,
1041 4612 1177 4679 nescire.
1222 4608 1414 4681 Huiusmodi
1434 4604 1514 4668 enim

272 4722 312 4764 an
331 4702 475 4769 homines
497 4703 623 4790 quidem
649 4707 711 4769 sint
736 4727 795 4771 nec
816 4730 856 4772 an
879 4706 988 4772 vivant
1018 4707 1124 4771 dicere
1144 4704 1277 4800 'beabit
1332 4704 1426 4788 Ergo
1452 4694 1531 4759 nect*

272 4829 1527 4876 w

348 4929 386 5003 (ἱ)
405 4930 501 4987 Contr.
532 4931 617 4989 head.
637 4934 658 4988 l.
677 4941 705 4997 5.
725 4943 852 5009 eap.11.
902 4936 938 5012 (2)
958 4935 1019 4993 adu
1032 4937 1168 4994 »Colorem
1187 4955 1215 5011 p.
1242 4939 1324 4995 1120·
1374 4930 1413 5007 (³)
1430 4911 1534 5001 ΛΡΝ

273 4998 332 5057 seb.
351 5021 446 5079 praep.
463 5007 483 5064 l.
502 5010 549 5068 14,
567 5011 602 5064 C·
622 5013 667 5069 19.
686 5014 799 5084 pauet·
887 5040 890 5045 ·
1209 5066 1213 5073 .
1330 5066 1334 5075 ,
