3288 5490
497 425 980 497 matonam.
1088 393 1101 501 ss
1212 386 1234 459 f
1369 382 1411 496 it

25 634 27 645 ,
91 580 200 642 borum
211 571 303 637 etiam
319 571 491 654 explicatio
506 573 727 653 probabatur:
749 571 783 634 id
798 572 878 646 est¹,
903 573 1018 656 quiade
1034 591 1127 634 caiisa
1144 593 1293 658 quaeque
1309 584 1415 637 essent
1448 610 1457 667 p

91 673 128 737 ita
148 668 303 735 nominata
314 690 327 741 3·
346 688 438 751 quam
469 667 685 751 ἐτυμολογέαν
709 666 929 749 appellabant:
954 678 1030 748 post
1051 664 1247 751 argumentis
1269 678 1301 729 et
1322 664 1414 750 quasi

90 786 188 831 sertim
222 760 349 844 uotis2,
385 759 537 822 ducibus³
560 761 730 847 utebantur
757 761 1018 841 adprobandum
1040 770 1073 823 et
1095 762 1133 822 ad
1157 761 1410 845 concludendum

89 865 132 935 td,
159 860 243 944 quod
265 853 430 939 explanari
451 853 621 917 volebant:
663 854 695 916 iu
718 856 801 937 qual
822 855 1007 918 tradebatur
1028 855 1132 920 omnis
1155 854 1341 918 dialecticae
1359 850 1428 927 ‚di-¹

89 952 240 1038 seiplina5,
257 951 362 1025 idest,
389 947 541 1013 orationis
557 948 679 1013 ratione
695 949 893 1024 conclusae⁶;
915 949 990 1032 huic
1006 950 1096 1033 quasi
1118 972 1158 1013 ex
1172 950 1278 1013 altera
1300 957 1407 1029 parte,

90 1046 221 1116 oratoria
236 1047 285 1113 vis
299 1043 425 1107 dicendi
447 1042 671 1119 adhibebatur,
694 1041 886 1126 explicatrix
909 1045 1064 1107 orationis
1079 1050 1254 1126 perpetuae
1269 1045 1316 1105 ad
1331 1050 1408 1122 pera

90 1138 269 1208 suadendum
296 1138 586 1203 accommodatae⁷.
619 1137 674 1201 33.
697 1139 788 1202 Haec
810 1148 879 1201 erat
893 1137 954 1215 illis
981 1138 1136 1220 †prima⁸
1154 1159 1171 1201 a
1186 1136 1323 1202 Platone
1344 1149 1412 1199 tra·

90 1237 163 1300 dita:
187 1234 274 1296 cuius
297 1252 376 1317 quas
401 1231 577 1313 acceperim
602 1231 906 1313 †disputationes⁹‚
931 1231 957 1294 si
979 1231 1096 1308 vultis,
1122 1252 1293 1313 exponam.
1340 1233 1411 1295 Nos
1438 1244 1441 1257 ¹

90 1326 341 1403 verniolumus,
367 1325 513 1411 inquam,
538 1337 573 1390 ut
592 1347 654 1407 pro
670 1324 784 1391 Attico
807 1325 898 1389 etiam
921 1327 1147 1407 respondeam.

109 1474 112 1480 .
163 1421 226 1485 lX.
249 1421 295 1483 Et
309 1429 409 1498 recte,
432 1417 546 1501 inquit,
570 1421 767 1501 respondes:
791 1418 957 1500 praeclare
974 1418 1054 1481 enim
1071 1418 1253 1500 explicatur
1276 1405 1412 1500 Peripa&
1491 1424 1494 1435 '

89 1515 246 1581 tetieorum
268 1525 301 1577 et
323 1512 516 1578 Academiae
539 1515 657 1576 veteris
678 1513 882 1577 auctoritas:
908 1512 1103 1577 Aristoteles
1125 1510 1248 1597 primus
1272 1515 1409 1594 speeies,

89 1633 157 1694 qitas
169 1609 277 1692 paullo
293 1618 365 1670 ante
381 1607 457 1682 dixi,
471 1608 695 1671 labefactavit:
719 1628 798 1692 quas
814 1605 944 1670 mirilico
960 1608 1054 1671 Plato
1070 1617 1139 1670 erat
1155 1607 1354 1688 amplexatus
1362 1606 1408 1682 ¹⁰3

25 1738 26 1741 ¹
86 1706 163 1768 utin
192 1703 242 1767 hie
268 1702 415 1786 quiddam
440 1701 580 1765 divinum
603 1723 672 1765 esse
694 1700 824 1769 diceret.
872 1701 1118 1782 Theophrastus
1141 1710 1264 1775 autern,
1283 1749 1285 1757 ,
1302 1700 1353 1764 vir
1379 1711 1415 1788 et·
1485 1741 1487 1745 -

25 1842 27 1847 ,
88 1790 220 1866 oratioue
243 1796 369 1877 suavis,
405 1796 499 1858 etita
521 1797 721 1875 moratusss,
757 1805 792 1856 ut
813 1815 891 1877 prae
916 1816 951 1858 se
973 1794 1172 1876 probitatem
1198 1795 1352 1880 quandam
1378 1803 1412 1856 et
1526 1870 1532 1877 .

87 1891 300 1978 ingenuitatem
311 1890 450 1966 leuata,
466 1888 682 1952 vehementius
698 1886 791 1953 etiam
806 1890 904 1975 fregit
918 1892 1064 1974 quodam
1075 1892 1173 1952 modo
1189 1887 1410 1953 auctoritatem

85 1985 191 2051 veteris
213 1984 401 2066 discipliuae
410 1985 457 2058 13-ς
481 1982 733 2065 spoliavit‘enim
753 1983 902 2045 virtutem
917 2004 978 2047 suo
993 1986 1129 2073 decore,
1153 1981 1423 2066 imbecillamque
1512 2002 1527 2015 ·

86 2070 229 2153 reddidit,
254 2077 498 2163 quodnegav-it
519 2077 552 2139 in
576 2097 611 2139 ea
633 2078 703 2141 sola
725 2076 864 2159 pesitum
888 2093 956 2139 esse
979 2077 1071 2140 beate
1092 2077 1218 2140 viverea
1243 2074 1297 2137 dd.
1311 2074 1405 2150 ,Nam
1499 2098 1502 2101 ‘

86 2174 203 2247 Strato,
227 2172 296 2234 eius
319 2170 464 2247 auditor,
496 2192 684 2257 quamquam
705 2169 768 2235 fuit
790 2169 855 2233 acri
876 2168 1025 2254 ingenio,
1061 2172 1229 2233 tamenab
1253 2189 1289 2231 ea
1312 2165 1407 2235 disei-

84 2267 158 2349 plina
186 2266 319 2333 omuino
352 2266 562 2329 semovendus
595 2276 663 2328 est:
698 2265 871 2349 quiquam
894 2262 1027 2333 maxime
1049 2263 1257 2335 necessariam
1273 2260 1402 2345 partem
1496 2326 1500 2337 ,

84 2352 318 2444 philosophiae,
333 2379 413 2442 quae
428 2359 534 2440 posita
548 2370 598 2421 est
619 2361 656 2435 ip
672 2357 794 2445 virtute
815 2369 849 2420 et
870 2356 900 2421 in
909 2358 936 2398 ’Μ
952 2357 1106 2433 moribus,
1132 2355 1327 2442 reliquisset,
1352 2367 1406 2419 to·
1427 2372 1430 2381 ¹

84 2465 200 2539 tumque
216 2453 258 2518 ‘se
281 2453 323 2516 ad
343 2450 622 2537 investigationem
644 2464 778 2515 naturae
801 2449 1008 2523 contulisset,
1032 2449 1063 2513 in
1085 2471 1122 2513 ea
1144 2448 1214 2531 ipsa
1236 2449 1406 2531 plurimum
1488 2449 1499 2455 ’

36 2610 38 2621 ⁴
87 2549 242 2613 discedit¹⁵
266 2568 285 2610 a
308 2535 401 2609 suis.
432 2544 628 2628 Speusippus
652 2554 756 2610 autem
777 2537 811 2608 et
828 2547 1057 2621 Xenocrates,
1082 2543 1137 2629 qui
1151 2542 1245 2626 primi
1262 2536 1407 2631 Platonis

25 2708 27 2715 ,
85 2641 231 2706 rationem
251 2639 540 2725 auctoritatemque.
558 2652 784 2722 susceperant,
816 2650 849 2703 et
870 2651 945 2720 post
965 2640 1062 2703 hos¹⁶
1094 2637 1230 2702 Polemo
1261 2648 1292 2699 ct
1322 2636 1407 2702 Cra·

25 2772 26 2775 =
84 2746 142 2812 tes,
173 2756 300 2821 unaque
324 2734 485 2810 Crantor,
519 2734 550 2796 in
572 2736 742 2801 Academia
763 2733 977 2818 cougregati,
1008 2732 1179 2817 diligenter
1200 2752 1258 2806 ea,
1284 2750 1406 2816 quiaea

64 2829 300 2912 ,superioribus
322 2840 529 2911 acceperant,
560 2829 778 2894 tuebanturfl.
822 2830 888 2892 Iam
911 2828 1121 2902 Polemonem
1144 2826 1331 2909 audiverant
1354 2845 1406 2887 aaa
1436 2868 1439 2876 ,

25 2928 27 2985 ἶ
84 2923 164 2987 sidue
181 2927 278 2989 Zeno
303 2936 334 2986 et
365 2924 541 2999 Arcesilas.
572 2925 663 2988 ⁴35.
682 2925 745 2987 Sed
779 2922 890 2997 Zeno,
927 2943 1024 3006 quum
1057 2919 1234 2985 Arcesilam
1271 2914 1409 2985 aut'eir'et¹
1483 2980 1487 2993 .

25 3048 29 3095 3·
85 3029 196 3096 acute,
230 3019 387 3103 valdeque
409 3018 567 3082 subtiliter
587 3018 762 3089 dissereret
770 3018 818 3106 ¹¹⁸,
849 3027 882 3080 et
902 3027 1052 3098 peracute
1074 3023 1274 3101 moveretur,
1300 3009 1404 3073 corri-

88 3133 155 3194 gere
174 3123 310 3177 conatus
333 3123 381 3176 est
404 3112 611 3195 disciplinam.
666 3109 750 3175 Eam
771 3112 929 3197 quoque,
952 3109 979 3172 si
1000 3111 1146 3186 videtur,
1168 3105 1403 3189 correctionem
1475 3158 1479 3167 ,

86 3207 264 3288 explicabo,
299 3205 382 3270 sicut
398 3208 534 3291 solebat
562 3202 759 3271 Antiochus.
817 3203 903 3268 Mihi
933 3209 1034 3283 vero,
1074 3198 1219 3288 inquam,
1255 3199 1403 3263 videtur-2
1448 3274 1451 3281 ¹

82 3305 162 3385 qnod
182 3302 273 3366 vides
294 3302 375 3364 idern
399 3301 578 3387 significare
600 3299 828 3383 Pomponium.
859 3334 861 3339 >
955 3332 972 3351 κ
1110 3352 1113 3367 ,
1398 3300 1400 3305 ’

113 3402 116 3409 ’
159 3398 205 3461 Χ.
230 3399 323 3460 Zeno
335 3395 436 3480 igitur
451 3396 649 3483 nullomodo
664 3396 690 3458 is
704 3396 783 3470 erat,
800 3392 865 3480 qui,
883 3406 918 3457 ut
934 3395 1188 3485 Theophrastus,
1203 3411 1320 3454 nervos
1336 3387 1403 3450 vir-

25 3528 27 3565 3
85 3491 152 3556 tuiis
167 3491 311 3556 inciderit
327 3491 373 3554 ¹⁹:
394 3493 450 3554 sed
464 3502 588 3568 contra,
610 3489 665 3575 qui
687 3489 802 3565 omnia,
824 3490 939 3573 quae²⁰
954 3490 992 3551 ad
1007 3491 1130 3570 beatam
1144 3484 1404 3567 vitampert'iuea

91 3598 1404 3627 mmmm

25 3716 26 3721 ,
151 3662 189 3737 (¹)
208 3690 246 3708 -
265 3680 323 3717 om.
342 3662 375 3714 isi
391 3669 435 3715 est
454 3662 496 3719 Μ.
515 3660 610 3717 Euelt.
659 3660 697 3737 (²)
716 3691 754 3706 -
770 3661 855 3713 nodis
872 3659 906 3717 de
927 3659 1016 3715 Bentl.
1037 3657 1066 3716 Ε.
1085 3658 1183 3723 flacit.
1232 3655 1269 3730 (³)
1290 3685 1329 3721 -ς
1346 3673 1403 3709 om.

25 3792 27 3817 s
85 3735 189 3790 duribus
208 3737 279 3795 Cdd.
301 3737 365 3811 aliq.
386 3738 427 3791 M.
448 3740 479 3792 L.
527 3734 564 3809 (⁴)
584 3734 627 3790 Ad
655 3756 680 3792 v.
700 3743 731 3789 in
759 3743 829 3809 prta,
856 3741 879 3790 si
900 3741 1007 3809 integra
1027 3750 1106 3800 eunt,
1137 3753 1185 3808 per
1205 3736 1403 3789 attractionem
1473 3762 1475 3768 v

25 3838 26 3861 s
85 3829 138 3867 ev.
166 3833 240 3887 seqq.
266 3814 328 3866 hiric
352 3817 432 3885 qimai
457 3831 494 3863 ex
519 3813 613 3864 altera
633 3822 719 3886 parta
746 3811 938 3867 assumendum
959 3827 1000 3865 est
1020 3831 1045 3863 v.
1061 3818 1164 3883 porta,
1185 3825 1215 3863 ut
1236 3800 1403 3861 consessit:

25 3948 26 3951 Ἴ
86 3888 226 3959 „Alteram
247 3880 355 3964 parient
374 3892 515 3943 universae
534 3882 670 3941 orationis
684 3888 849 3960 disciplinae
866 3885 1004 3941 efficiebat
1025 3885 1189 3955 dialeptiea,
1210 3882 1326 3937 siceram
1341 3883 1404 3937 rha-

85 3966 194 4019 toriea.”
213 3964 264 4020 eir.
285 3963 470 4021 Alexandrum
488 3962 611 4038 Aphrod.
631 3961 703 4036 apud
724 3965 837 4035 buldam
856 3968 885 4017 in
905 3982 930 4017 r.
960 3960 1176 4040 ἀντίστροφος.
1197 3956 1404 4036 Ἀριστοτέλης

62 4033 792 4184 'steterit.stetit.testeis
810 4036 1101 4166 steterint
1114 4033 1303 4166 “titt
1325 4035 1402 4167 ‘tt
1491 4098 1494 4104 ·

26 4216 27 4225 ¹
85 4190 227 4262 ingeniose.
266 4189 305 4266 (5)
328 4134 543 4261 -qdiseiplina
570 4189 733 4242 dialecticae
752 4191 786 4244 li.
808 4192 842 4242 D.
862 4189 915 4244 lib.
935 4219 973 4230 -
991 4190 1140 4242 dialectiea
1166 4128 1314 4259 disciplinii
1333 4175 1404 4245 cdd.

85 4264 168 4319 multi.
188 4264 286 4341 (051.)
313 4268 346 4319 V.
367 4265 408 4320 M.
428 4266 460 4318 L.
510 4262 548 4341 (ὅ)
573 4294 611 4309 --
630 4266 760 4318 concluso
780 4266 851 4324 031.
899 4260 936 4339 (⁷)
956 4295 994 4309 -
1014 4258 1222 4337 accommodate
1240 4261 1308 4314 Bru.
1328 4273 1401 4328 susp.

85 4334 119 4411 (Β)
136 4341 194 4395 lioe
221 4359 287 4395 sane
312 4347 484 4416 corruptum.
509 4357 547 4397 ee
563 4338 670 4417 forma
689 4339 823 4414 Madvigii
844 4343 865 4394 l.
886 4359 912 4413 p.
934 4346 996 4399 118.
1016 4337 1046 4394 E.
1067 4326 1217 4391 admodum
1237 4338 1400 4406 ingeniosa,
1459 4340 1470 4363 ‘¹

85 4417 128 4482 ae,
144 4422 178 4471 ni
192 4415 290 4484 failor,
310 4426 383 4471 veta.
405 4438 407 4444 ·
433 4413 471 4491 (⁹)
495 4430 533 4471 aa
551 4421 760 4469 immutationes
777 4415 820 4469 val
849 4419 1017 4467 mactationes
1041 4415 1078 4467 D.
1104 4400 1193 4484 susp*
1211 4395 1402 4474 Ad’seusum,

85 4504 166 4553 tecte:
184 4513 211 4548 v.
230 4491 344 4566 Madvig
360 4491 380 4545 l.
398 4489 419 4546 l.
457 4489 507 4567 (¹⁰)
526 4492 566 4539 -l
582 4492 729 4564 amplexus
746 4489 815 4544 Cdd.
836 4490 900 4562 aliq.
948 4489 999 4563 (¹¹)
1016 4519 1056 4534 ·-·
1073 4487 1234 4540 moderatam
1251 4488 1338 4540 Turn.
1359 4483 1403 4539 M.-

86 4562 113 4618 Β·
148 4567 197 4643 (¹²)
221 4596 260 4613 ··
275 4567 377 4642 ferrei
400 4568 469 4627 Em·
489 4578 514 4625 i·
535 4565 564 4623 Ε.
585 4575 611 4621 2.
649 4566 699 4642 (¹³)
712 4585 759 4622 ·=
776 4575 835 4620 vet.
855 4566 922 4619 disc.
942 4575 1016 4619 erret.
1037 4565 1079 4620 M.
1098 4565 1130 4617 L.
1169 4560 1224 4637 (Μ)
1240 4591 1279 4605 -
1297 4576 1353 4612 om.
1372 4563 1402 4615 in

86 4640 123 4694 Μ.
148 4645 180 4700 L.·
225 4642 275 4719 (¹⁵)
304 4646 355 4701 Sic
379 4641 449 4699 Cdd.
476 4642 541 4714 aliq.
568 4643 610 4696 Μ.
637 4642 671 4696 G.
699 4649 725 4700 2.
745 4671 783 4687 ·-
802 4642 919 4694 dissedit
937 4643 968 4695 V.
989 4643 1019 4707 L.
1040 4641 1075 4693 D.
1094 4639 1150 4694 Hb.
1172 4647 1197 4696 1.
1216 4635 1404 4688 -disscntt'i

86 4713 146 4771 Vin·
167 4700 248 4786 tiit,
267 4722 303 4777 Η.
322 4782 324 4787 .
342 4718 393 4794 (1⁶)
412 4733 450 4773 ee
468 4737 516 4770 eos
535 4716 604 4772 Cdd.
624 4717 689 4789 aliq.
710 4721 743 4773 V.
764 4717 846 4789 Seqq.
866 4722 897 4769 in
909 4716 998 4770 Aced.
1013 4709 1324 4787 congregoti'auspedta
1338 4722 1402 4763 tunt

87 4791 244 4849 Goerenzio.
294 4797 345 4865 (¹⁷)
374 4812 438 4849 cum
458 4793 527 4848 Cdd.
548 4794 589 4849 M.
610 4790 689 4851 L.‘1.
709 4793 745 4848 G.
766 4800 791 4848 2.
813 4824 847 4837 -
867 4812 903 4845 eo
920 4825 939 4839 -
958 4792 1146 4857 arctabantur
1166 4787 1235 4842 Cdd.
1257 4789 1320 4861 aliq.
1340 4802 1403 4839 eov-
1437 4828 1443 4835 ,

25 4888 26 4903 ’
88 4883 167 4941 iipit.
192 4872 266 4925 Hine
284 4886 457 4926 correctum:
477 4895 512 4912 -·
531 4875 572 4925 eie
591 4882 648 4915 -'-
668 4868 818 4933 sciebantur
836 4866 906 4922 Cdd.
928 4867 993 4937 aliq.
1013 4866 1049 4922 H.
1068 4868 1100 4919 V.
1121 4865 1203 4920 Grut.
1217 4866 1252 4919 D.
1266 4864 1318 4919 Hb.
1334 4861 1402 4916 Lall.

87 4939 172 4999 linoln.
198 4947 248 5014 (¹⁸)
267 4977 304 4991 -
323 4945 456 5021 definiret
474 4945 593 5000 Bentleii
613 4959 690 5018 susp,
714 4942 822 5018 (19)-
840 4945 977 4998 discideret
992 4943 1033 4997 M.
1053 4943 1085 4995 L.
1106 4943 1140 4995 D.
1159 4940 1214 4995 Hb.
1237 4949 1262 4998 t.
1283 4940 1333 5010 (²⁰)
1355 4936 1404 4992 sie

87 5015 124 5072 Μ.
142 5020 221 5095 chq.
240 5046 276 5064 -·
294 5042 415 5102 paleaeque
433 5019 502 5077 cdd.
521 5008 590 5095 iliq.
607 5023 642 5079 Η.
663 5023 695 5078 V.
1199 5058 1200 5061 ,
1440 5037 1443 5048 =
