3188 5492
164 501 217 518 ,,
281 415 812 530 ΒΒΒΒΒΒΑΒΒΒΒΒΒΒΒΒΒ
841 368 988 531 niet
1033 423 1133 505 c.4.
1299 414 1374 484 444
1439 446 1445 451 ·
1518 406 1521 411 “

55 587 120 650 ΒΒΒ,
157 573 232 658 quid
260 570 437 637 dubitamus
469 572 597 634 beatum
627 571 788 679 homiuem
820 544 924 635 dicere
958 566 1073 633 sola
1063 585 1132 652 4psa
1170 522 1379 653 inquisitione

55 666 216 737 veritatis?

132 765 195 826 tv
219 763 271 824 40.
287 759 399 835 Mihi,
425 759 468 822 ait
489 760 561 836 ille,
585 780 645 823 nec
665 760 837 823 secundum
856 724 1014 824 rationem
1029 752 1160 830 vivere,
1181 774 1244 817 nec
1266 755 1380 816 beatus
1456 778 1460 787 ·

56 858 186 934 omnino,
206 855 350 940 quisquis
370 866 468 930 errat,
485 854 625 919 videtur.
656 853 757 919 Errat
773 862 877 916 autem
893 850 1006 926 osuuis,
1025 849 1079 932 qui
1093 868 1218 932 semper
1237 849 1376 933 quaerit,

54 976 108 1018 uec
125 951 257 1014 invenit.
301 950 394 1014 Unde
421 949 478 1012 tihi
503 971 599 1011 unum
616 946 680 1011 iam
703 970 720 1012 Β
744 949 871 1011 duobus
894 942 1131 1009 monstrandum
1154 956 1223 1020 est,
1249 952 1303 1007 aut
1324 962 1378 1004 er·
1401 951 1404 955 ’

50 1057 163 1110 rentem
179 1048 316 1108 beatum
330 1064 405 1107 esse
418 1063 534 1124 posse,
559 1055 612 1106 aut
631 1065 713 1117 eum,
741 1042 796 1126 qui
816 1041 904 1125 qnod
919 1039 1045 1133 quaerit
1061 1060 1220 1125 nunquam
1243 1035 1374 1111 invenit,
1433 1034 1438 1041 ’

54 1146 117 1205 nbn
129 1160 246 1205 errare.
288 1139 353 1203 4144
370 1137 444 1200 itte:
466 1138 585 1200 Beatus
602 1158 712 1201 errare
728 1157 794 1199 nou
810 1145 930 1241 potest.
975 1130 1027 1196 ΕΒ
1038 1155 1133 1218 quum
1155 1132 1208 1194 diu
1225 1131 1376 1195 siluisset.

55 1239 122 1300 Non
143 1245 245 1296 autern
269 1244 374 1308 errat,
398 1231 520 1316 inquit,
545 1252 641 1315 quum
666 1229 809 1315 quaerit4
835 1230 927 1312 quia,
953 1220 1072 1293 utnon
1096 1237 1200 1304 erret,
1231 1225 1378 1333 perfecte
1408 1280 1415 1289 .

55 1329 183 1413 quaerit.
228 1327 273 1390 Et
295 1326 494 1411 Trygetlust
535 1326 582 1390 Ut
604 1347 668 1388 uon
691 1332 778 1388 erret
800 1323 944 1407 quidem,
979 1306 1103 1407 inquit,
1140 1319 1284 1403 quaerit,
1305 1318 1381 1381 sed
1450 1380 1453 1387 ,

55 1434 151 1500 ΒΒΒΒΒ,
173 1440 269 1506 quum
292 1419 420 1483 minime
443 1419 576 1483 invenit.
621 1418 670 1482 Ita
689 1430 793 1481 autem
816 1416 873 1479 tibi
895 1417 1101 1499 profuturum
1124 1412 1265 1498 putasti,
1274 1404 1406 1498 ΒΒΒΒΒ

54 1534 155 1580 errare
175 1515 228 1577 ille
251 1532 314 1576 uon
333 1514 425 1590 vult,
455 1512 551 1596 quasi
573 1528 667 1578 nemo
691 1523 778 1576 erret
799 1511 943 1585 invitus,
978 1522 1032 1573 aut
1059 1510 1226 1594 quisquam
1250 1509 1378 1571 omnino

55 1619 151 1685 erret,
176 1607 236 1670 nisi
256 1608 389 1671 invitus.
434 1610 520 1671 Tum
540 1628 623 1693 ego,
649 1628 744 1719 quum
765 1606 820 1669 ille
842 1604 911 1668 diu
908 1616 1134 1670 cunctaretur
1144 1601 1220 1688 quid
1242 1620 1380 1708 respou-

55 1706 157 1765 deret4
195 1700 418 1765 Definiendum
441 1701 536 1765 vobis
558 1715 623 1781 est,
654 1704 800 1808 inquam,
835 1700 910 1805 quid
932 1699 973 1762 sit
996 1720 1111 1775 error;
1148 1696 1273 1761 facilius
1296 1680 1388 1759 eniin
1472 1746 1474 1753 ,

55 1795 116 1858 eius
136 1795 216 1858 fines
236 1794 372 1878 potestis
396 1795 550 1872 videre,
541 1817 571 1859 in
588 1810 684 1880 quem
702 1797 764 1858 iam
786 1794 911 1877 penitus
932 1793 1070 1878 ingressi
1096 1791 1183 1856 estis.
1218 1774 1340 1874 Ego,
1330 1808 1380 1850 444·

55 1892 120 2045 quit
146 1890 356 1967 Licentins,
371 1890 501 1954 definire
531 1889 652 1974 aliquid
676 1890 810 1954 idoneus
839 1910 903 1952 non
934 1908 1026 1952 sum:
1063 1884 1207 1972 quamvis
1235 1902 1383 1949 errorent

55 1984 177 2063 delinire
192 1984 242 2047 sit
263 1983 388 2048 facilius
410 2005 505 2068 qnam
524 1984 629 2049 finire.
675 1986 768 2069 Ego,
793 1984 836 2046 ait
857 1983 931 2060 ille,
956 1980 1100 2045 definiam
1125 1980 1214 2064 quod
1237 1975 1311 2040 mihi
1332 1976 1382 2039 la

55 2064 201 2140 cillimum
220 2090 270 2140 est
295 2094 367 2139 non
381 2075 536 2163 ingenio,
567 2079 624 2141 sed
646 2098 757 2141 caussa
785 2077 916 2160 optima.
960 2078 1045 2139 Nam
1069 2084 1179 2139 errare
1202 2082 1250 2134 est
1272 2069 1407 2153 utique,

54 2189 174 2254 semper
200 2191 375 2256 quaerere,
410 2190 567 2256 nunquam
593 2171 748 2235 invenire.
804 2172 904 2256 Ego,
935 2168 1244 2254 inquitlLieentius,
1278 2165 1306 2228 si
1328 2164 1383 2227 vel

54 2266 136 2330 istim
159 2264 375 2330 definitionem
388 2264 494 2329 facile
512 2282 639 2349 possem
660 2254 827 2344 refellere,
850 2267 1030 2330 iamdudum
1050 2275 1190 2329 caussae*
1202 2281 1291 2324 meae
1316 2280 1383 2322 non

56 2361 234 2423 defuissem.
279 2360 344 2422 Sed
366 2359 515 2443 quoniam
534 2371 587 2422 aut
600 2380 652 2425 res
667 2351 734 2443 ipsa
749 2383 809 2443 per
824 2361 858 2424 se
880 2364 977 2423 ardua
1001 2372 1066 2438 est,
1092 2371 1145 2421 aut
1165 2356 1211 2439 ita
1229 2353 1305 2417 mihi
1326 2373 1383 2435 ap·

11 2458 14 2463 '
55 2466 158 2537 paret,
181 2463 263 2538 peto
287 2452 445 2529 anobis,
470 2465 629 2537 utusque
651 2453 683 2516 in
706 2456 874 2520 crastinam
897 2456 1004 2518 lucem
1023 2453 1168 2541 quaestio
1193 2448 1383 2523 differatur,
1442 2518 1444 2526 Ι

11 2640 12 2643 ¹
56 2571 80 2611 44
71 2549 167 2617 nilul
181 2549 279 2614 hodie
296 2550 384 2630 quod
398 2551 627 2629 respondeam
652 2550 797 2631 reperire
819 2562 981 2632 potuero,
1007 2570 1105 2634 quum
1126 2548 1159 2609 id
1183 2544 1293 2608 sedulo
1317 2562 1383 2603 me·
1410 2581 1413 2586 -

56 2642 212 2729 cumipse
236 2642 379 2709 volvam.
427 2642 523 2722 Quod
539 2636 636 2727 quum
652 2646 887 2708 eoncedendum
904 2654 1071 2726 putarem,
1097 2636 1384 2706 nonrenueutibns

56 2738 185 2812 ceteris,
212 2737 480 2799 deambulatum
471 2758 518 2799 ire
541 2738 760 2814 surreximus,
794 2738 952 2823 nobisque
973 2737 1056 2799 inter
1078 2754 1137 2799 nos
1161 2733 1257 2796 inulta
1278 2728 1384 2809 varia·

57 2852 113 2916 qne
133 2830 439 2908 sermocinantibus,
463 2830 547 2895 ille
538 2853 569 2894 m
593 2830 792 2917 cogitatione
815 2833 937 2899 defixus
958 2830 1032 2894 fuit.
1078 2829 1176 2909 Quod
1197 2846 1295 2912 quum
1315 2806 1384 2885 iru-

55 2936 117 2987 stra
138 2944 208 2990 esse
233 2925 398 2999 sensisset,
423 2926 570 2988 relaxare
593 2927 730 2990 animum
752 2927 884 3003 maluit,
907 2937 938 2990 et
959 2937 1074 2990 nostro
1104 2944 1138 2986 se
1160 2916 1300 2985 sermoni
1326 2914 1385 2978 nii
1407 2955 1410 2960 -

58 3038 154 3083 scere.
175 3020 310 3093 Postea,
324 3038 422 3101 quum
433 3038 499 3081 saur
510 3021 830 3102 advesperasceret
820 3042 852 3084 444
868 3021 999 3082 eundem
1015 3017 1197 3081 conflictum
1211 3011 1384 3079 redierant4
1406 3072 1410 3073 Β

57 3115 108 3174 sed
128 3112 290 3176 modum
280 3111 437 3195 imposui,
462 3114 689 3197 persuasique,
706 3113 787 3178 utin
809 3113 903 3179 alium
928 3113 1010 3178 diem
1032 3110 1155 3176 differri
1175 3115 1381 3192 paterentur:

55 3204 122 3270 inde
143 3211 183 3269 ad
203 3206 344 3268 balneas.
386 3238 390 3243 -
570 3192 582 3227 Ὗ
1288 3224 1293 3237 .

138 3301 505 3365 teruennenses
522 3320 629 3385 quum·
633 3300 904 3366 consedissemus.
929 3298 1135 3377 Proferte,'
1126 3318 1273 3382 mquam,
1298 3295 1387 3380 quod
1495 3355 1497 3359 .

56 3395 122 3459 beri
144 3397 338 3478 coeperatis.
382 3398 468 3459 'l‘um
490 3396 675 3460 Licentius4
699 3390 955 3472 Distuleramus,
978 3395 1100 3482 inquit,
1125 3391 1387 3476 disputationem,

57 3490 113 3553 nisi
133 3492 254 3567 fattou,
280 3494 525 3574 rogaturum,
559 3510 655 3575 qunm
678 3492 798 3555 erroris
822 3491 962 3554 definitio
985 3489 1166 3555 difficillima
1189 3486 1264 3549 mihi
1287 3494 1386 3555 esset·
1409 3538 1422 3557 4,
1507 3508 1510 3515 ⁴

57 3584 122 3651 Hic
138 3585 255 3668 plane
279 3583 425 3667 inquam,
442 3604 514 3647 nou
537 3605 642 3661 erras,
667 3588 783 3669 qnod,
805 3596 840 3647 ut
861 3585 920 3648 tibi
943 3604 1036 3648 omen
1059 3584 1100 3647 sit
1122 3584 1161 3644 ad
1181 3579 1322 3687 reliqna,
1348 3577 1407 3659 tiq
1463 3580 1470 3599 ²

57 3679 165 3742 bentii
195 3678 391 3760 oPlill'ffl‘lffl
449 3679 667 3765 A¹¹d¹tt1·g0‚
700 3679 818 3764 inquit,
855 3681 941 3764 quod
963 3677 1031 3740 heri
1054 3677 1170 3750 etiam,
1202 3671 1394 3735 nisiinter
1408 3692 1409 3695 ¹
1475 3683 1484 3699 ’

58 3773 224 3846 cessisses,
248 3772 472 3854 protulissem:
497 3794 590 3835 error
608 3772 687 3835 milii
706 3773 831 3836 videtur
853 3794 920 3836 esse
942 3772 1037 3838 falsi
1036 3792 1099 3854 pro
1123 3782 1201 3833 'vero
1224 3767 1388 3850 approba

58 3866 121 3930 tint
157 3869 193 3930 in
223 3888 317 3950 quem
348 3867 456 3931 nullo
454 3878 560 3948 pacto
590 3866 716 3944 incidit,
756 3867 811 3953 qui
839 3850 1007 3931 veritatem
1031 3866 1239 3949 quaerendam
1262 3876 1391 3942 semper
1454 3892 1457 3897 ·

62 3961 230 4023 existimat.
289 3960 417 4023 Falsum
441 3959 521 4022 euim
544 3961 685 4042 probare
711 3982 776 4041 pon
802 3973 932 4043 potest,
958 3948 1026 4046 qui
1050 3962 1167 4043 probat
1189 3956 1308 4020 nihil:
1325 3974 1390 4017 non

62 4051 158 4137 igitur
179 4064 290 4137 potest
311 4075 439 4117 errare:
465 4057 577 4118 beatus
600 4066 704 4117 antem
726 4056 875 4120 facillime
899 4078 968 4119 osse
989 4065 1110 4138 potest.
1155 4055 1237 4119 Nam
1260 4071 1301 4112 ne
1319 4051 1391 4111 lon·

64 4148 131 4232 gius
161 4153 289 4224 abeam,
329 4146 357 4209 si
385 4145 479 4210 nobis
505 4136 602 4249 ipsis,
641 4149 772 4211 utheri
804 4150 909 4226 licuit,
949 4145 1090 4234 quotidie
1120 4147 1233 4212 river'c
1255 4145 1388 4240 liceret,

63 4241 137 4304 nihil
152 4244 250 4305 mibi
260 4240 421 4316 occurrit,
453 4243 512 4303 cnr
530 4252 596 4305 nos
622 4243 733 4307 beatos
763 4245 926 4326 appellare
954 4245 1181 4326 dubitaremus.
1240 4210 1393 4305 Viximus
1466 4252 1469 4257 '
1505 4274 1511 4281 ·

64 4337 152 4398 enim
166 4357 282 4422 magna
304 4335 418 4398 mentis
439 4337 686 4419 tranquillitate,
726 4339 765 4399 ab
789 4337 875 4401 omui
897 4336 1048 4420 corporis
1069 4338 1141 4401 labe
1164 4334 1299 4400 animum
1320 4330 1392 4394 tiu
1443 4372 1446 4382 .

11 4468 15 4489 4
63 4428 220 4505 dicantes,
247 4443 279 4494 et
301 4453 317 4494 a
340 4428 544 4511 cupiditatum
566 4430 690 4495 facibus
715 4431 900 4521 longissime
921 4432 1057 4507 remoti,
1074 4435 1214 4505 dantes,
1240 4422 1404 4515 quadbun’

64 4521 183 4587 homini
204 4525 299 4601 licet,
325 4538 474 4607 operam
480 4526 615 4601 ratioui;
638 4527 704 4590 hoc
726 4527 796 4601 e'st,
821 4528 994 4597 seeundum
1016 4523 1099 4588 illam
1117 4520 1254 4587 diuinam
1270 4524 1395 4603 partem

64 4619 155 4684 aui444i
180 4620 344 4694 viventes,
378 4616 473 4714 qqim
490 4618 619 4685 beatam
643 4621 740 4684 vitam
764 4642 833 4683 esse
854 4621 1012 4686 besterna
1026 4621 1108 4683 inter
1132 4640 1189 4681 uos
1202 4616 1397 4683 delinitione

11 4712 12 4717 ’
65 4714 231 4780 convenit:
256 4726 370 4799 atque,
395 4726 430 4776 ut
453 4714 587 4794 opinor,
612 4713 720 4777 nihil
710 4715 907 4789 invenimus,
938 4718 992 4779 sed
1022 4727 1171 4778 tantumn
1176 4716 1240 4776 odo
1271 4707 1396 4795 qua'esi·
1483 4764 1487 4771 ,

65 4805 166 4868 vimus
189 4809 367 4872 veritatem.
413 4809 583 4871 Potest
551 4808 647 4892 igitur
670 4809 738 4870 sola
759 4809 964 4893 inquisitione
987 4809 1151 4901 ueritatis,
1177 4809 1269 4872 etia'u.
1288 4806 1324 4867 si
1330 4826 1396 4866 eam

66 4895 206 4963 invenire
227 4902 354 4971 minime
376 4903 496 4985 possit,
514 4934 518 4941 ‚
533 4902 655 4968 homini
678 4904 768 4965 beata
792 4904 856 4965 rita
881 4903 1080 4989 contingere.
1141 4853 1222 4966 itam
1254 4896 1398 4977 delinitio

66 4998 116 5055 tna
135 4993 208 5059 ride
229 5007 346 5084 quauta
367 4996 521 5065 facilitate
544 4997 736 5062 excludatur
759 4997 891 5063 notione
916 4995 1089 5065 communi.
1134 4993 1262 5064 Etenim
1286 5014 1397 5062 errare
