3226 5488
556 386 856 455 noscemus.
1313 352 1372 454 aaa

48 532 166 619 aliquid
188 532 292 596 dicant
314 553 351 595 ac
370 543 518 597 statuant.
565 528 647 595 Cum
666 530 715 597 bis
738 550 819 615 ergo
842 526 913 611 quis
936 527 1182 613 disputatiqnsm
1207 527 1374 597 instituat?

46 630 99 693 Ac
124 625 290 690 mirabitur
311 628 450 690 fortasse
473 624 648 710 quispiam,
673 625 702 688 si
723 624 882 701 nesciant,
906 623 1065 689 utrumin
1085 635 1173 686 terra
1194 625 1257 688 sint
1279 648 1317 689 an
1341 627 1375 689 in

45 722 183 786 eaelo-¹
209 722 332 785 Verum
363 721 468 784 mrrlto
501 718 604 804 magis
641 718 815 782 mirandum
850 729 916 793 est,
951 717 1075 785 nescire
1103 718 1198 796 illos,
1230 721 1374 785 tribusne

46 826 202 921 quattuor
221 816 313 897 plura
339 813 419 890 sint,
440 825 598 903 quotque
617 811 681 875 sint
702 833 796 874 ιιιιιιιιι
827 822 860 875 et
879 812 964 877 duo:
990 804 1086 896 idque
1105 834 1201 895 quum
1225 814 1372 895 philoso-

44 890 137 1014 pbari
158 909 384 992 profiteantur.
427 894 497 971 Nec
521 909 602 974 enim
626 908 659 970 hi
682 905 788 993 dicere
805 916 962 988 possunt,
995 918 1075 1012 quot
1096 905 1129 968 in
1156 906 1299 971 manibus
1325 909 1374 973 di·

45 1001 133 1088 gitos
158 1005 315 1089 habeant,
355 1014 409 1065 ant
439 1002 622 1087 numquid
612 1012 758 1085 tpsorum
790 999 924 1084 quilibet
943 1022 1020 1062 unus
1048 1000 1089 1063 sit
1112 1021 1151 1062 an
1173 1002 1304 1084 plures3
1338 1013 1374 1065 ut
1432 992 1441 1077 f

44 1117 103 1159 nec
125 1095 292 1180 proprium
314 1108 430 1161 nomen
438 1096 620 1174 noverint,
656 1118 714 1161 nec
736 1095 889 1201 patriqn,
922 1115 979 1157 nec
1006 1095 1222 1203 Aristippum.
1267 1095 1373 1180 Igitur

43 1212 102 1253 nec
128 1213 211 1276 quos
240 1202 345 1254 ament
377 1201 431 1254 aut
457 1190 601 1266 oderint,
636 1210 784 1275 quaeque
807 1189 947 1271 cupiant.
993 1189 1139 1269 Quodsi
1170 1190 1294 1255 rideant
1319 1201 1373 1252 aut

41 1285 158 1360 fleant,
198 1285 303 1348 dicere
323 1306 385 1350 non
408 1286 579 1368 poterunt,
619 1284 696 1348 illud
719 1303 789 1346 esse
811 1278 1000 1358 ridiculum,
1036 1285 1174 1358 alterum
1189 1285 1371 1350 molestum.

42 1378 254 1460 Perspicuum
277 1378 379 1464 igitur
406 1391 454 1441 est
476 1380 567 1444 etiam
592 1387 649 1441 nee
672 1377 749 1463 quid
771 1380 866 1441 modo
893 1370 1035 1483 dicamus
1055 1378 1127 1441 ab
1117 1378 1196 1460 ipsis
1222 1378 1371 1484 intelligi.

40 1566 151 1650 potius
164 1564 257 1628 etiam
273 1566 332 1629 ista
350 1543 431 1650 quae
447 1577 577 1630 naturae
600 1587 676 1629 suae
691 1565 907 1640 conveniimt,
920 1578 1110 1650 agnoscunt.
1135 1518 1246 1653 Atque
1260 1571 1299 1631 ad
1314 1589 1371 1631 eos

41 1661 97 1745 qni
122 1661 204 1723 istoc
227 1662 323 1724 modo
345 1661 567 1736 affecti'sunb
597 1659 666 1722 ctsi
683 1660 781 1724 mrtlta
803 1658 863 1723 dici
887 1673 1037 1741 possent,
1068 1663 1149 1724 haec
1174 1673 1280 1725 tamen
1303 1661 1371 1724 sus·

40 1754 186 1818 ficiunt.''
230 1756 321 1817 Haec
342 1755 522 1819 Aristocles
547 1775 588 1818 ex
617 1753 767 1816 versione
789 1765 919 1837 nostra:
946 1774 1016 1817 nam
1041 1756 1167 1818 Graeca
1190 1755 1372 1819 adscribere

39 1847 158 1933 piguit.
176 1879 179 1884 J
204 1848 294 1928 Qiiae
313 1849 384 1913 ideo
406 1849 650 1931 exscripsimus,
674 1860 711 1911 ut
733 1848 881 1929 exemplo
904 1847 986 1924 sint,
1011 1871 1104 1940 quam
1126 1871 1190 1913 non
1213 1850 1277 1913 sint
1292 1850 1372 1912 auti·

40 1962 180 2024 quorum
206 1941 475 2023 pbilosophorum
507 1945 656 2027 dogmata
686 1963 727 2005 ex
761 1941 1018 2007 adversariorum
1047 1944 1137 2006 dictis
1165 1944 1370 2007 aestimanda.

41 2035 155 2118 Atque
170 2055 234 2120 ego
259 2035 384 2119 quidem
408 2058 504 2119 quum
525 2036 691 2099 illustrium
707 2038 866 2120 quondam
891 2035 1035 2101 virorum
1058 2040 1194 2108 absurda
1218 2040 1371 2125 quaedam

40 2131 169 2191 decreta
207 2138 240 2192 et
270 2141 407 2213 ‘praeter
436 2151 632 2194 communem
664 2129 801 2194 omnium
839 2131 1000 2193 bominum
1031 2153 1155 2203 sensum
1186 2132 1311 2195 narrari
1339 2143 1372 2197 et

40 2222 204 2286 exsibilari
226 2223 339 2299 audio,
356 2226 477 2287 ‘adduci
500 2246 565 2289 nou
587 2246 719 2306 possum
739 2235 774 2285 ut
797 2225 942 2300 credam,
966 2225 1104 2289 fideliter
1126 2239 1158 2288 et
1179 2226 1293 2289 utiab
1309 2226 1371 2289 illis

39 2316 260 2380 sentiebantur
282 2329 313 2381 et
332 2320 532 2382 docebantur
553 2317 654 2381 relata
676 2330 708 2382 et
730 2316 959 2424 interpretata:
983 2319 1038 2402 qut
1061 2319 1142 2381 enim
1167 2314 1241 2405 ego
1255 2320 1372 2383 nullius

40 2410 177 2516 ingenii
171 2413 292 2475 homo
320 2412 451 2476 illorum
484 2406 711 2478 absurditatem
738 2434 755 2475 e
786 2411 923 2496 vestigio
958 2412 1163 2493 pervideam,
1201 2412 1247 2477 illi
1269 2414 1370 2478 multo

40 2504 172 2612 ingenio
196 2506 342 2569 meditata
361 2505 495 2570 ridicula
516 2510 641 2575 tandem
672 2505 893 2588 protulerint?
922 2507 985 2568 Sed
1005 2507 1271 2589 Thucydideum¹
1292 2507 1373 2570 illud

41 2599 243 2663 verissimum
258 2621 383 2682 semper
398 2601 600 2683 comperias.
625 2595 721 2668 Πολύ
738 2624 771 2665 τι
788 2600 958 2688 διαφέρειν
972 2622 1011 2664 ου
1000 2594 1071 2664 det
1078 2603 1219 2684 νομιζειν
1233 2597 1373 2689 ἅνθρω
1400 2654 1406 2660 ,

41 2719 115 2762 ιιοιι
125 2688 329 2784 ἀνθρώπου,
351 2693 383 2757 id
405 2705 490 2757 est:
507 2695 647 2758 Multum
670 2693 746 2779 quid
767 2692 927 2757 hominem
949 2691 1070 2757 bomini
1090 2706 1276 2781 praestare,
1302 2694 1369 2758 exi-

43 2788 172 2851 stimare
195 2808 259 2851 non
271 2799 414 2871 oportet
460 2791 503 2852 Et
524 2789 737 2875 Νομιζιιιὸ
756 2784 1061 2864 regeneratorum
1081 2791 1370 2878 πέλαςιιαριιιιλη·

43 2884 137 2960 olona
175 2872 278 2956 εἶναι,
323 2882 355 2947 id
377 2892 444 2947 est:
453 2880 673 2946 Existimare
702 2893 845 3003 oportet
847 2901 946 2987 quae
975 2902 1035 2947 nos
1068 2883 1264 2968 cogitamus,
1298 2881 1369 2945 aliis

43 2976 139 3038 etiam
168 2976 200 3037 in
220 2986 355 3039 mentem
378 2977 502 3041 venire.
1025 3000 1032 3009 ·
1167 3030 1170 3037 .

118 3069 306 3150 Epicurum
327 3070 456 3155 quidam
475 3069 592 3136 nullius
615 3042 791 3137 auditorem
814 3070 935 3146 fuisse,
959 3073 1016 3134 sed
1037 3071 1240 3157 antiquorum
1266 3071 1370 3135 libro·

42 3184 114 3226 rum
137 3162 274 3226 lectione
303 3167 482 3248 profecisse
514 3166 728 3249 scripserunt,
767 3167 820 3231 alii
840 3168 1057 3231 Xenocratem
1081 3180 1112 3230 et
1134 3166 1371 3247 Nausiphanem

43 3256 215 3343 magistros
238 3257 284 3322 illi
304 3258 461 3324 tribuunt.
505 3261 570 3324 Hic
591 3261 665 3325 licet
686 3260 872 3325 rationalem
897 3278 1022 3325 omnem
1046 3261 1269 3367 pbilosopbiae
1294 3281 1371 3342 par·

43 3362 111 3415 tem
137 3353 381 3433 contempserit,
416 3353 609 3440 noxiamque
637 3355 745 3439 potius
774 3374 845 3418 esse
871 3354 1051 3461 putaverit,
1087 3356 1304 3462 quaestionem
1330 3356 1370 3416 de

44 3444 177 3508 criterio
201 3467 264 3509 non
286 3447 444 3510 intactam
454 3449 602 3533 reliquit:
640 3451 697 3512 sed
722 3451 761 3512 de
789 3447 846 3512 illo
879 3448 962 3511 inter
986 3450 1141 3512 nataralia
1172 3449 1252 3535 egit.
1299 3448 1372 3510 Sta·
1446 3484 1452 3489 ·
1542 3484 1546 3493 «

42 3539 104 3602 tuit
123 3559 227 3602 veroa
247 3530 404 3604 Veritatis
426 3542 541 3605 iudicia
563 3556 724 3606 sensisset
747 3541 874 3606 notitias
898 3544 966 3607 sive
987 3544 1157 3626 prolepses
1174 3555 1205 3606 et
1225 3542 1371 3606 affectio·

42 3654 202 3708 assasse,
219 3635 251 3697 id
267 3646 331 3711 est,
344 3647 380 3698 ut
391 3635 567 3699 Lae'rtius2
589 3636 717 3712 scribit,
734 3629 890 3726 κριτήρια
900 3638 958 3717 τῆς
973 3628 1181 3729 diunisiae
1150 3662 1235 3704 εινοιι
1250 3634 1309 3714 τὰς
1320 3632 1373 3701 αἶ-

42 3722 267 3808 quivissemus
256 3724 582 3833 npotatpnsuatrd
597 3725 709 3812 πάθη.
728 3729 885 3795 Cicero³t
899 3729 1018 3804 ,Aliud
1031 3730 1208 3838 (iudicium)
1224 3727 1370 3813 Epicuri,

42 3820 101 3926 qui
124 3842 217 3885 omne
236 3820 417 3884 iudicium
408 3844 439 3884 in
463 3825 606 3887 sensibus
632 3834 664 3887 et
686 3824 718 3887 in
740 3845 849 3887 rerum
868 3825 987 3889 notitiis
1009 3826 1091 3889 etin
1110 3828 1275 3909 volirptate
1291 3845 1369 3888 con-

42 3914 180 3978 stituit.”
224 3915 347 3979 Omnes
371 3916 455 3979 enirn
482 3938 593 3980 sensus
625 3939 721 3983 veros
748 3939 817 3983 esse
845 3917 971 3996 aiebat,
1013 3919 1181 4004 omniaque
1216 3919 1307 3983 visa:
1346 3916 1374 3980 si

43 4009 149 4094 aliqua
173 4010 252 4074 falsa
274 4011 336 4075 sint
358 4022 411 4074 aut
432 4032 501 4075 esse
524 4011 666 4094 possint,
704 4013 825 4081 utillum
845 4012 995 4076 iudicium
1021 4013 1170 4098 relinqui.
1216 4012 1303 4076 Huic
1326 4008 1375 4074 rei

42 4102 91 4166 sic
121 4102 319 4255 Epicurus
310 4127 378 4188 ipse
409 4108 494 4188 apud
522 4105 712 4171 Lae’rtium‘*
740 4104 834 4170 fidem
863 4106 969 4170 iacere
1000 4109 1147 4170 studete·
1172 4106 1278 4172 Πᾶσα
1308 4101 1373 4213 γὰρ

43 4382 204 4451 dstrut'
183 4414 203 4468 η
136 4285 410 4480 similata
419 4387 572 4453 Sentiaut
588 4388 669 4451 enim
696 4358 752 4453 aut
779 4409 844 4453 non
867 4387 1004 4453 sentiant
1028 4409 1139 4453 sensus
1162 4386 1374 4451 necessarium

43 4499 195 4543 essexae
217 4502 245 4544 st
235 4481 383 4568 quidem
400 4482 557 4560 sentiunt,
580 4482 695 4546 fallere
711 4482 836 4546 minime
851 4495 1004 4566 possunt,
1029 4505 1124 4568 quum
1145 4481 1271 4545 ratione
1289 4477 1377 4543 omni

43 4585 192 4651 careant,
216 4596 274 4640 nec
296 4579 413 4641 addere
429 4576 599 4661 quidquam
615 4589 668 4643 aut
689 4578 855 4640 detrahere
877 4577 928 4654 iis,
945 4599 1024 4662 quas
1048 4574 1250 4659 acceperint,
1274 4575 1375 4657 phau·

42 4667 132 4743 tasiis
157 4669 274 4735 scienta
309 4691 408 4756 quare
436 4669 574 4745 fideliter
601 4669 671 4735 illas
700 4682 941 4753 representare.
1000 4671 1112 4756 Atque
1138 4690 1235 4761 quum
1257 4666 1376 4731 nullam
1487 4676 1494 4695 ¹
1530 4675 1534 4691 ¹

120 4949 161 5025 (ι)
180 4952 229 5010 ιιι.
251 4963 277 5015 1.
316 4954 354 5025 (ι)
373 4955 404 5007 ιι
423 4952 555 5027 sprauto.
575 4960 630 5022 ιο,
652 4958 698 5016 ιι.
737 4952 775 5032 (³)
795 4913 922 5011 ιιιιιιο.
943 4956 974 5011 c.
995 4957 1041 5016 ts.
1079 4954 1120 5031 (ι)
1140 4964 1191 5024 ιο,
1212 4959 1259 5016 ιι.
1286 4930 1290 4937 ’

105 5079 172 5126 cteta.
192 5038 310 5126 Aoum·-
386 5116 393 5139 ,
685 5082 688 5088 ’
913 5038 954 5104 21
1033 5127 1040 5131 .
