3226 5488
208 364 299 479 'seo
628 412 789 481 surm
811 412 1094 480 vanuurms

235 553 293 619 alia
316 552 477 636 probabili
497 552 661 637 phantasia
684 565 740 619 aut
760 576 790 621 a
800 553 925 620 ratione
945 553 1167 633 refelleretur,
1206 578 1265 622 nec
1284 557 1317 621 in
1339 574 1521 644 argumentum

235 649 359 734 quidem
383 648 494 713 adduci
517 651 556 712 ab
579 647 777 713 Academicis
797 661 925 732 posset:
962 671 1059 734 quum
1083 651 1165 714 enim
1187 653 1398 717 Academicus
1412 657 1523 732 dicerem

233 741 325 807 vides
355 744 422 806 uisa
450 742 622 807 furentium
652 743 735 807 falsa
763 743 842 806 nihil
863 744 1013 828 quamdiu
1037 747 1149 809 adsutum
1170 769 1189 810 a
1211 748 1296 821 veris
1318 750 1458 827 differre,
1487 755 1525 814 aed

234 843 346 906 eodem
381 843 476 904 mode
509 840 633 903 afficere
662 861 722 903 nee
744 837 879 905 discerni
902 860 919 902 a
941 839 1026 902 veris
1047 840 1169 922 posse?
1203 842 1332 907 Stoicus
1355 844 1414 907 nisi
1432 845 1525 927 etipse

234 934 288 999 illa
310 935 507 1015 improbaret
529 945 561 997 et
580 934 662 997 salsa
684 930 823 1009 diceret,
857 933 889 995 id
912 935 998 1018 maed
1028 934 1206 1015 Epicureus
1228 939 1453 1020 responderet,
1474 942 1527 1001 llou

235 1029 347 1090 mirum
372 1028 434 1090 hoe
454 1047 543 1102 esse,
569 1049 663 1111 quum
687 1048 723 1090 ea
746 1025 839 1090 etiam
863 1026 931 1090 visa
954 1048 1032 1090 vera
1054 1029 1129 1092 sint.
1176 1032 1229 1093 Eo
1251 1034 1449 1116 ergo·mode
1467 1033 1528 1095 Aea-

235 1121 348 1187 deanici
376 1120 453 1184 nihil
474 1120 701 1203 comprehendi
727 1124 919 1196 decernunt,
954 1120 987 1184 id
1016 1132 1082 1195 est,
1116 1124 1285 1204 probabile
1306 1132 1436 1205 putant,
1466 1127 1529 1208 quasi

235 1216 394 1279 dicerent:
419 1216 628 1295 (-·libenter
649 1215 839 1299 imaginibus
865 1214 1002 1290 utimur,
1026 1238 1122 1299 quum
1145 1219 1184 1279 de
1205 1216 1417 1302 imaginibus,
1439 1219 1466 1280 id
1483 1231 1528 1296 est,

235 1313 274 1373 de
296 1308 468 1392 phantasiis
491 1330 599 1372 sermo
622 1309 676 1389 sit)
699 1310 765 1371 Res
788 1308 872 1389 ipsas
895 1311 982 1390 apud
1000 1330 1035 1372 se
1057 1332 1116 1374 suo
1139 1331 1295 1395 quamque
1312 1316 1453 1392 pondere
1471 1335 1529 1388 esse,

141 1408 144 1419 '
237 1406 294 1467 sed
313 1403 430 1466 nullam
453 1405 536 1484 apud
557 1401 701 1466 homiues
725 1423 794 1464 esse
816 1414 983 1476 stateram3
1008 1403 1078 1478 vel,
1103 1427 1200 1489 quum
1223 1426 1334 1468 versun
1357 1417 1391 1469 et
1412 1405 1534 1469 adulteri·>

233 1520 307 1560 ntum
330 1512 440 1560 aurum
462 1496 522 1572 sit,
546 1495 643 1575 Lydii
664 1495 776 1577 lapidis
795 1518 860 1559 non
881 1517 950 1559 esse
972 1498 1118 1581 copiam,
1148 1500 1191 1563 ita
1215 1511 1250 1562 ut
1271 1520 1313 1563 ex
1336 1500 1448 1564 colore
1471 1521 1530 1581 pou·

233 1594 371 1676 dareque
405 1602 436 1653 et
467 1589 581 1653 duritia
610 1610 722 1652 auruum
749 1593 892 1672 probare
922 1591 975 1654 vel
997 1592 1204 1674 improbare,
1243 1593 1466 1678 probabilique
1483 1605 1531 1655 tau·

231 1696 298 1748 tum
321 1684 399 1748 auro
421 1683 469 1747 uti
490 1684 530 1747 sit
552 1704 695 1747 necesse.

318 1778 484 1841 Adversus
506 1780 584 1841 haee
614 1777 716 1842 Stoici
738 1778 835 1861 aliqui
855 1800 915 1842 uec
937 1778 1094 1843 disserere
1117 1778 1243 1864 quidem
1260 1780 1474 1844 necessarium
1493 1790 1530 1840 ant

232 1871 363 1957 dignum
386 1875 582 1936 ducebant¹a
606 1874 693 1955 quod
715 1872 791 1936 nihil
814 1884 897 1937 esset
922 1873 1039 1937 elarius
1060 1874 1128 1955 lpsd
1150 1875 1318 1962 ἐιαιγεὶᾳ,
1344 1874 1378 1937 id
1399 1885 1462 1949 est,
1481 1873 1530 1936 eri·

233 1966 357 2042 dentia,
396 1966 463 2031 sive
485 1965 730 2049 perspicuitate,
768 1989 830 2051 qua
852 1968 968 2030 nullam
990 1967 1195 2030 illustriorem
1219 1969 1400 2033 orationem
1421 1964 1531 2049 reperiri
1575 1956 1576 1989 l

231 2082 330 2143 posse
352 2059 510 2124 dicebant.
554 2059 721 2142 Epictetus
737 2064 822 2143 apud
843 2061 1036 2125 Arriaunm²
1058 2059 1103 2124 sie
1120 2061 1344 2124 Academicum
1361 2062 1529 2146 alloquitur:

232 2145 552 2265 Καιαλαμθάιεις”
532 2179 585 2220 οτι
603 2149 802 2266 ἑγρήγιρας,
825 2152 880 2234 ott,
896 2156 1020 2247 φησιν
1041 2150 1202 2264 οὐδὲγὰρ
1216 2145 1298 2221 ὅταν
1312 2158 1347 2221 ἐι
1363 2147 1534 2260 τοῐςῦπιοις

164 2262 171 2267 “
231 2243 451 2357 φὰντάζωμαι
480 2240 533 2314 ὅτι
557 2243 729 2359 ἐγρήγορα
751 2250 847 2315 ondin
870 2248 931 2316 our
953 2251 1104 2341 διαφέρει
1124 2239 1259 2360 adepti
1287 2250 1459 2358 φαντασία
1477 2248 1533 2311 issi·

231 2366 311 2424 νης,·
333 2338 476 2409 οὐδὲν.ν
459 2367 506 2409 ιιι
530 2338 636 2451 τούτῳ
660 2345 880 2452 teeuynpan
901 2349 958 2409 καὶ
981 2348 1078 2409 ποῖον
1095 2344 1179 2454 reip,
1170 2369 1218 2424 η
1237 2367 1335 2410 noser
1362 2339 1451 2453 αὐτῳ
1437 2341 1534 2420 eidn-

231 2459 293 2524 ρον
315 2431 484 2526 προςάγω,
519 2432 574 2504 ἵνα
600 2412 806 2518 nibdnros‘
796 2427 850 2503 ότι
870 2441 1080 2527 ιινὲκρωταις
1115 2432 1369 2524 αισθανόμενος
1393 2432 1431 2503 ori
1457 2457 1534 2522 προς

231 2533 392 2608 ποιεῖται,
414 2531 462 2597 ἔτι
480 2531 595 2621 χείρων
614 2533 682 2598 ἐστὶ
695 2532 755 2597 τοῦ
773 2532 897 2635 νεκροῦ
918 2530 1040 2594 idest:
1066 2531 1267 2616 Vigilarete
1289 2525 1533 2614 comprehendis?

232 2625 328 2700 Non,
362 2624 481 2709 inquit,
522 2648 581 2689 nee
603 2626 684 2688 enim
707 2646 803 2709 quum
824 2622 855 2686 iu
878 2623 996 2688 somnis
1019 2623 1154 2710 vigilare
1176 2623 1252 2691 mihi
1274 2625 1402 2689 videor.
1458 2610 1578 2685 Nilne
1577 2662 1578 2669 ι

233 2738 315 2802 ergo
339 2717 439 2782 visum
461 2723 525 2787 hoe
547 2719 665 2783 abillo
695 2717 830 2781 differt?
868 2718 969 2782 Nihil
999 2719 1180 2783 Ulteriusue
1201 2741 1270 2781 cum
1292 2720 1358 2782 hoe
1382 2711 1532 2782 disseram?

232 2834 366 2895 quemne
388 2813 512 2899 ignem,
537 2824 591 2876 aut
612 2814 705 2899 quale
727 2813 849 2877 lerrttm
869 2810 915 2876 illi
937 2816 1132 2890 admoveam,
1159 2827 1192 2876 ut
1215 2813 1333 2877 mortui
1356 2810 1532 2877 affectionem

231 2907 351 2969 habere
372 2929 407 2971 se
429 2907 567 2972 sentiat?
602 2906 706 2971 Sentit
736 2919 768 2971 et
796 2917 900 2972 tamen
929 2906 1046 2970 sentire
1061 2906 1280 2983 ⁴dissimulatp
1301 2918 1431 2971 mentre
1461 2902 1533 2977 etiam

231 3000 325 3084 peior
348 3013 409 3065 est.
1578 3052 1579 3065 ,

317 3095 500 3176 Aliquando
537 3095 593 3162 ille
626 3095 735 3178 potins
755 3098 852 3160 modo
875 3117 968 3181 quam
991 3094 1062 3158 ullis
1084 3090 1262 3158 rationibus
1285 3094 1336 3158 vel
1360 3087 1533 3177 argumentis
1578 3114 1579 3125 2

230 3192 470 3276 redarguendos
493 3191 703 3255 Academicos
726 3190 826 3256 Stoici
848 3201 995 3266 censent,
1019 3210 1083 3274 quo
1106 3188 1134 3250 si
1146 3187 1319 3271 cuiuspiam
1335 3188 1461 3251 illorum
1481 3204 1531 3245 ser·

231 3308 304 3395 vpm
325 3307 393 3349 esse
408 3286 627 3369 contingeret,
653 3307 780 3348 usurum
796 3306 830 3348 se
846 3283 922 3346 dicit
936 3283 1139 3365 Epictetusl.
1184 3283 1350 3366 Namque,
1376 3280 1436 3355 ait,
1457 3276 1531 3350 etiam

231 3372 259 3443 si
281 3380 391 3444 millies
411 3380 551 3464 quotidie
566 3379 627 3444 sibi
649 3381 860 3460 vapulandum
883 3377 987 3452 leret,
1012 3398 1108 3460 qruanr
1130 3376 1236 3439 oleum
1259 3375 1376 3438 afferre
1398 3385 1430 3436 et
1449 3369 1532 3434 inlum-

232 3476 308 3537 dere
330 3476 425 3536 hernus
447 3473 587 3547 iuberet,
613 3472 779 3543 allaturum
803 3493 838 3535 se
861 3492 993 3556 garum,
1018 3491 1179 3577 quumque
1199 3471 1295 3532 herus
1318 3467 1455 3540 diceret,
1476 3460 1533 3545 quid

230 3566 294 3629 hoc
316 3568 388 3630 est?
409 3588 513 3631 nonne
536 3567 639 3630 oleum
663 3564 755 3628 dixi?
778 3564 916 3640 Dixisti,
941 3564 1060 3648 inquit,
1083 3564 1330 3645 responderem:
1356 3565 1412 3624 sed
1432 3584 1449 3624 a
1469 3575 1530 3642 garo

154 3737 157 3743 1
231 3659 308 3721 mibi
330 3660 393 3723 olei
413 3660 576 3742 phantasia
600 3662 707 3724 oblata
740 3670 788 3722 est
810 3652 992 3744 ὁμοιοτάτη
981 3653 1221 3747 poidsaupsroc,
1255 3658 1287 3720 id
1309 3667 1376 3732 est,
1401 3652 1531 3718 simillima

232 3763 263 3813 et
286 3774 365 3836 quae
388 3775 450 3818 nou
475 3753 718 3817 discerneretur.
763 3752 801 3816 ln
824 3751 969 3815 omnibus
993 3755 1105 3816 eodem
1125 3773 1158 3814 se
1182 3754 1278 3814 inodo
1300 3752 1455 3813 facturum
1476 3740 1532 3806 dicit

231 3846 416 3929 Epictetus,
454 3859 486 3910 et
520 3860 647 3930 sperat,
685 3846 712 3910 si
741 3849 805 3911 duo
833 3846 886 3910 vel
914 3856 979 3907 tres
1009 3867 1050 3908 ex
1081 3843 1248 3908 conservis
1271 3864 1377 3906 sectum
1400 3844 1531 3905 adversus

230 3942 341 4003 berum
365 3942 572 4024 conspirent,
597 3943 802 4016 effecturum,
838 3951 872 4002 ut
895 3950 949 4003 ant
965 3938 1149 4003 sententiam
1171 3948 1309 4000 mutaret
1329 3933 1529 4000 Academicus

230 4046 284 4097 aut
307 4038 346 4097 ad
368 4034 571 4142 suspendium
594 4034 789 4118 adigeretur.
835 4034 978 4107 Verum,
1004 4031 1215 4113 oEpietete,
1239 4029 1267 4093 si
1288 4043 1361 4092 tuus
1382 4030 1436 4093 ille
1455 4028 1530 4088 herus

125 4120 129 4128 ’
229 4149 280 4191 me
303 4128 424 4202 astffiat,
450 4128 590 4211 experiri
612 4126 794 4209 oportebit,
818 4125 889 4209 quis
910 4125 1002 4208 prior
1018 4126 1206 4208 defatigatus
1222 4123 1389 4189 eonsilium
1406 4123 1528 4185 mutaret,

230 4233 307 4285 tune
330 4223 532 4304 vapulando,
569 4244 607 4285 an
630 4224 790 4286 caedendo
812 4220 881 4283 ille.
933 4219 1024 4294 ,Alii
1047 4232 1151 4282 autem
1173 4221 1331 4303 negabant
1352 4216 1409 4297 (ait
1430 4207 1529 4277 Lucul

228 4316 314 4394 luel)
336 4337 370 4378 se
392 4335 454 4397 pro
476 4318 537 4379 bae
559 4316 715 4380 evidentia
730 4315 901 4400 quidquam
923 4313 1048 4396 priores
1070 4312 1170 4376 lusisse
1192 4314 1353 4376 dicturos:
1378 4314 1432 4373 sed
1452 4309 1486 4367 ad
1502 4319 1529 4362 et

163 4440 165 4449 ·
229 4418 455 4493 quarentena
478 4410 699 4486 dicerentur,
712 4409 775 4472 diei
803 4419 957 4491 opertere
983 4408 1153 4489 putabant,
1190 4427 1229 4468 ue
1256 4405 1312 4489 qui
1332 4389 1527 4467 fallerentur?

229 4503 335 4565 Multa
358 4524 477 4587 ergo
462 4503 565 4568 Stoici
589 4503 809 4585 Chrysippus,
833 4501 1005 4584 Antipater
1027 4512 1059 4563 et
1079 4499 1259 4564 Antiochus
1281 4519 1347 4581 pro
1358 4496 1528 4560 sensibnset

229 4596 388 4660 evidentia
418 4598 568 4661 dixerunt
595 4609 627 4661 et
658 4598 873 4683 scripserunt,
910 4616 1045 4681 quorum
1075 4593 1210 4678 aliqua'
1202 4615 1234 4655 ιιι
1257 4592 1387 4654 Luculli
1407 4602 1526 4654 serment

229 4689 336 4773 legas,
362 4713 427 4791 non
449 4690 554 4755 omdia
576 4694 640 4754 huc
661 4713 720 4756 nes
743 4691 996 4809 transcribimus.
1040 4689 1124 4753 Illud
1148 4710 1211 4753 nen
1226 4681 1524 4770 praetermittendum

264 4986 284 5038 u
296 4905 341 4985 (¹)
372 4913 432 4967 cu
461 4910 949 4980 antu0u10.(s>nb.se..s
995 4907 1033 4984 (³)
1052 4908 1103 4964 ub.
1123 4916 1150 4965 2
1169 4925 1196 4964 c
1216 4913 1261 4968 ιο
1308 4904 1348 4981 (ι)
1367 4908 1423 4961 cic.
1441 4895 1525 4954 ints·

227 5002 263 5040 eu
285 4989 355 5042 oC
375 4989 403 5045 6·
