3226 5488
563 421 862 497 acaouulca
979 384 1041 415 ⁷
1226 516 1228 529 ⁴
1337 427 1459 492 ιιιΔ

70 573 176 660 'aliqua
199 573 260 651 sit,
284 573 311 637 si
333 590 379 638 ex
393 572 565 639 intervallo
586 568 829 680 conspiciatur,
847 579 880 632 et
901 567 928 633 si
947 566 1022 654 quis
1037 588 1149 653 prope
1163 588 1238 632 eam
1264 588 1401 652 conspe·

68 682 180 734 cturus
207 672 357 745 accedat,
393 691 472 777 qua
494 668 586 732 etiam
620 666 747 731 ratione
772 678 834 728 ιιιιιι
855 686 909 728 res
935 665 1003 729 aliis
1028 666 1146 743 calida,
1181 663 1301 749 frigida
1326 663 1416 751 aliit

67 763 233 841 videatur,
273 775 320 827 ut
333 762 360 826 si
382 763 450 827 visa
471 764 581 830 ο,ιιιιιίιι
609 783 687 827 vera
709 760 817 824 sutura
843 760 925 835 siut,
951 781 1013 823 res
1045 762 1153 824 eadem
1179 770 1233 821 et
1243 757 1344 821 calida
1369 769 1401 822 et
1490 838 1491 843 ι

64 855 191 942 frigida
213 857 306 920 simul
331 857 464 920 dicenda
485 857 623 941 veniat,
642 867 821 940 rogantur:
852 855 1033 918 universam
1058 853 1145 920 illam
1170 874 1259 917 suam
1283 856 1321 917 de
1344 876 1402 917 na·-

65 963 143 1014 tura
160 947 357 1035 disciplinam
376 954 493 1016 docere
511 973 570 1015 nos
595 963 690 1035 atque
711 952 904 1032 persuadere
927 970 1008 1032 opus
1030 951 1168 1031 habent,
1201 924 1297 1034 idque
1320 951 1400 1014 adeo
1441 1012 1443 1015 ,
1492 944 1497 959 '

64 1057 230 1131 satagunt.
275 1047 342 1137 Per
360 1045 513 1111 infinitum
543 1044 718 1130 (inquiunt)
741 1066 873 1108 vacuum
896 1043 1077 1108 innumera
1089 1046 1284 1128 corpuscula
1307 1040 1402 1125 (ἆτὸ-
1441 1106 1444 1119 ,

62 1166 151 1227 μους
179 1142 314 1221 vocant)
342 1139 476 1205 diversis
505 1141 650 1243 praedita
676 1139 903 1215 facultatibus,
927 1148 964 1201 ut
986 1139 1105 1224 frigida
1127 1142 1301 1224 quaedam,
1339 1138 1402 1202 alia

65 1235 170 1298 calida
200 1235 280 1312 sint,
315 1235 580 1319 perambulare.
609 1237 701 1299 Idaeo
720 1233 792 1302 salia
821 1232 889 1296 aliis
920 1232 1117 1296 incurrentia·
1145 1246 1240 1336 atque
1263 1235 1402 1317 impacta

64 1328 194 1394 densari
215 1341 261 1394 et
268 1330 469 1406 coalescere,
506 1331 635 1393 illorum
658 1348 832 1414 compages
855 1344 997 1409 corpora
1018 1328 1088 1411 ipsa
1110 1345 1197 1404 esse,
1223 1346 1305 1414 quae
1329 1352 1401 1396 οτι-

65 1427 207 1511 ρέμνια,
240 1423 272 1486 id
301 1435 383 1500 est,
406 1423 508 1497 solida
531 1424 593 1489 dici
612 1427 740 1488 volunt.
785 1426 840 1488 Ex
861 1424 1056 1504 corporibus
1076 1444 1113 1486 ac
1133 1425 1231 1486 rebus
1254 1423 1401 1487 omnibus
1446 1411 1448 1421 ι

67 1516 296 1582 ιιιιιιίοιιιιιίἰι
313 1529 408 1602 atque
431 1518 557 1581 leviora
579 1541 735 1602 corpora,
758 1540 839 1603 quae
860 1528 968 1581 rernm
992 1518 1132 1602 ipsarum
1147 1517 1301 1602 imagines
1325 1517 1399 1594 sint,
1471 1590 1473 1593 ,

65 1612 198 1674 effluere
226 1624 322 1694 atque
343 1612 406 1673 hac
426 1612 479 1674 illa
508 1613 712 1698 pervagari.'
758 1614 893 1680 Εἴδωλα
925 1611 1004 1675 haec
1025 1624 1181 1727 vocant3'
1200 1612 1234 1675 id
1256 1623 1303 1675 est
1326 1633 1400 1694 spe·

43 1716 139 1768 ¹ctra
161 1714 193 1767 et
215 1705 354 1788 effigies,
390 1705 458 1771 sive
481 1719 516 1769 ut
541 1708 732 1784 Lucretius,
768 1706 938 1792 effigies
912 1728 981 1770 sive
1004 1706 1140 1789 species
1154 1707 1342 1791 'Namque
1366 1716 1399 1769 et

64 1800 127 1863 has
149 1820 329 1881 corporeas
351 1801 423 1863 ab
412 1796 489 1882 ipsis
510 1800 674 1876 inductas,
699 1801 841 1864 Galenus
863 1798 1003 1907 scripsit.
1050 1801 1179 1866 Odores
1195 1802 1287 1865 etiam
1302 1822 1401 1885 sapo-

64 1914 186 1976 resque
209 1906 242 1955 ct
263 1910 363 1957 voces
385 1915 403 1957 e
424 1894 538 1958 rebus
545 1895 682 1972 deferri,
718 1916 801 1983 quae
823 1894 929 1958 omnia
952 1910 1098 1958 sensuum
1119 1880 1330 1961 instrumenta
1350 1896 1400 1958 ie·

63 1986 151 2049 riant
172 1998 204 2050 et
226 2009 337 2052 sensus
354 1988 511 2065 efficiant,
535 1989 568 2053 id
590 2002 658 2065 est,
681 1989 868 2053 sentiantur.
895 1986 1002 2072 Igitur
1023 1989 1109 2054 idola
1130 1992 1209 2054 haec
1230 2012 1291 2074 per
1313 1991 1414 2056 varia

65 2079 144 2144 loca
175 2081 279 2147 delata
307 2081 457 2151 tenuiora
481 2083 679 2191 ..ιιιίιιοιιιιιιιι
698 2082 784 2174 fieri
790 2081 955 2169 deterique
979 2093 1010 2145 et
1038 2104 1229 2149 evanescere
1251 2077 1399 2160 tandem,
1479 2120 1481 2127 ι

46 2195 103 2264 Ιιιι
126 2174 219 2240 vario
243 2176 335 2240 etiam
358 2180 454 2243 modo
478 2177 561 2242 inter
582 2201 617 2242 sc
639 2171 762 2241 misceri
785 2189 816 2239 et
837 2172 1041 2259 permutari.
1046 2179 1190 2259 Quae
1196 2182 1227 2241 et
1249 2200 1266 2241 a
1288 2179 1400 2241 fureu-

64 2269 152 2332 tibus
168 2281 200 2334 et
214 2293 230 2334 a
247 2271 475 2361 somniantibus
497 2272 580 2336 intra
606 2293 735 2354 corpus
749 2271 965 2351 inrumpentia
974 2284 1170 2336 cernantur:
1195 2284 1302 2336 errare
1319 2293 1399 2358 ergo

67 2362 163 2441 illos,
188 2385 253 2427 non
276 2387 389 2442 sensim
413 2387 547 2450 namque
570 2356 820 2430 vereeiusmodi
841 2363 1124 2430 visuaffieiuutur:
1116 2370 1205 2430 sed
1227 2366 1398 2449 opinione,

65 2458 141 2520 dum
165 2461 312 2536 credunt,
337 2481 354 2522 a
377 2459 499 2538 solidis,
525 2482 606 2545 quae
628 2460 743 2537 adsint,
767 2459 969 2540 corporibus
982 2471 1108 2541 spectra
1122 2460 1176 2523 illa
1198 2462 1257 2525 sibi
1273 2456 1398 2526 offerri.

65 2551 179 2634 Atque
207 2553 273 2617 hoc
297 2552 421 2638 quidem
439 2564 488 2616 'ut
519 2566 551 2616 et
579 2552 711 2636 physica
751 2551 886 2635 Epicuri
917 2552 1086 2630 universa,
1121 2555 1304 2620 Democriti
1330 2566 1397 2632 est,
1429 2624 1432 2641 ,

68 2666 164 2727 quem
187 2646 307 2713 Cicero
333 2647 411 2710 dicit
438 2647 623 2730 scripsisse,
655 2647 682 2709 si
704 2668 787 2711 niinc
814 2657 869 2709 aut
897 2645 924 2709 si
947 2646 1040 2733 etiam
1055 2644 1256 2713 dormientes
1281 2641 1400 2734 aliquid

69 2739 177 2804 animo
206 2741 318 2806 videre
347 2741 532 2818 videamur,
569 2741 722 2826 imagines
753 2739 951 2823 extrinsecus
978 2740 1019 2804 in
1042 2742 1178 2853 animos
1186 2756 1317 2811 nostros
1339 2765 1399 2826 per

67 2855 189 2927 corpus
206 2834 399 2920 irrumpere.
443 2835 616 2899 Lais’rtius1
641 2844 682 2899 ex
705 2832 841 2917 Epicuri
862 2834 1036 2901 sententiat
1070 2830 1122 2903 Tot
1143 2837 1196 2903 τι
1195 2838 1264 2909 τῶν
1281 2860 1400 2950 papiro

58 2917 174 3015 pirou
196 2925 444 3020 φαντάσματα,
468 2935 524 2996 καὶ
543 2955 608 2996 και
649 2926 732 3019 ὅναρ
751 2923 878 3009 ἀληθῆ.
901 2933 986 2996 κινεῖ
1007 2924 1087 3020 γαρ·
1117 2927 1155 2996 τὸ
1178 2932 1214 2996 δὲ
1233 2927 1320 3025 μὴ’
1302 2955 1339 2997 ον
1360 2925 1400 2999 οὐ

66 3024 169 3130 κινεῖ,
203 3022 235 3085 id
258 3034 325 3100 est,
363 3023 601 3123 furentiumque
628 3036 662 3088 et
688 3021 911 3087 somniantium
935 3022 1003 3086 visa
1027 3046 1105 3088 vera
1136 3046 1228 3101 esse,
1267 3036 1400 3091 movent

68 3114 165 3179 enim.
220 3117 320 3197 Quod
346 3138 428 3183 vero
457 3140 523 3209 non
552 3129 602 3182 est
631 3139 698 3182 non
721 3127 843 3181 movet.
900 3102 1115 3181 ΡΙιιιιιιαΙιιιι2
1139 3120 1178 3183 de
1205 3118 1400 3202 Epicureisr

66 3202 194 3276 Και’
162 3235 235 3288 τινα
261 3208 333 3303 γὰρ
348 3208 409 3277 οὐκ
431 3203 552 3305 ὄινινῆ
568 3207 676 3305 φύσιν
696 3205 893 3325 ἔκφυλον
861 3235 907 3286 ιις
932 3205 971 3275 τὸ
997 3206 1080 3277 αὐτὸ
1102 3206 1345 3299 συνενεγκόντες
1366 3214 1400 3280 a’ai

66 3304 132 3372 τῶν
154 3305 309 3392 ἐνυπνίων
322 3309 379 3371 καὶ
392 3306 456 3373 τῶν
444 3307 695 3418 παρακοπῶνς
714 3293 864 3374 ονὸὲν
831 3304 915 3372 ειναί
935 3326 1042 3416 φασιν
1062 3301 1249 3420 capioque
1261 3329 1397 3384 τουτων,

67 3394 145 3464 οὐδὲ
131 3399 302 3492 ὲινιῦὸος
331 3395 454 3467 ονὸὲ’
434 3395 639 3480 αούστατον,
675 3394 762 3468 ἄλλα
794 3398 983 3508 perennior
1011 3394 1153 3480 ἀληθεῖς
1181 3424 1316 3480 concap
1344 3405 1427 3488 καὶ,

67 3487 209 3585 σώματα
237 3498 294 3559 καὶ
313 3491 451 3587 μορφὰς
477 3497 511 3560 ἐκ
539 3496 600 3561 τοῦ
627 3496 832 3583 περιέχοντος
859 3484 1121 3602 ἀφικνουμένας,
1144 3492 1266 3559 idest:
1304 3510 1409 3582 quam·

12 3638 14 3649 ,
67 3607 150 3673 vero
173 3586 313 3669 speciem
335 3599 388 3650 aut
409 3601 552 3652 naturam
574 3600 789 3652 monstrosam
812 3597 908 3670 atque
925 3587 1131 3672 peregrinam
1152 3606 1216 3654 non
1233 3611 1296 3652 una
1310 3611 1400 3653 com·

67 3650 227 3764 pingunt,
258 3702 299 3769 ex
321 3681 484 3747 insomniis
506 3688 538 3746 et
560 3682 691 3746 deliriis
689 3702 754 3745 eas
776 3680 999 3745 desumeutes?
1024 3705 1161 3768 quorum
1185 3682 1282 3747 nihil
1285 3695 1401 3747 vanam

67 3773 225 3838 visionem
248 3765 301 3839 aut
323 3776 437 3840 salsum
459 3787 513 3841 aut
533 3776 783 3852 inconvenieus,
806 3786 838 3838 et
860 3776 948 3858 quod
970 3796 1126 3839 essenon
1146 3775 1252 3862 possit
1274 3776 1401 3871 dicunt3

66 3870 125 3932 aed
152 3891 247 3934 veras
267 3871 449 3953 phantasias
472 3882 504 3934 et
526 3875 667 3954 corpora
696 3881 728 3933 et
748 3819 890 3946 firmas,
933 3890 1015 3989 quae
1038 3890 1080 3933 ex
1101 3869 1298 3936 circumfuso
1324 3861 1402 3935 ae're

66 3963 163 4029 nobis
185 3963 408 4029 immittantur.

154 4057 307 4120 Similiter
322 4069 355 4121 et
377 4058 601 4142 deprocul
569 4080 637 4123 risa
656 4057 749 4135 turri,
772 4076 853 4141 qnae
874 4078 977 4141 parva
1000 4068 1033 4122 et
1046 4060 1196 4137 rotunda,
1220 4080 1319 4143 quum
1335 4081 1402 4122 ma·

68 4173 132 4237 gna
155 4165 187 4215 et
208 4139 362 4236 quadrata
389 4152 450 4229 sit,
463 4153 640 4230 videatur,
674 4154 921 4251 respondenti.
946 4155 997 4218 Ita
1017 4150 1168 4218 videlicet
1191 4144 1402 4249 deformatam
1487 4146 1489 4151 ¹
1557 4180 1569 4189 ·

66 4246 167 4310 turris
185 4246 336 4331 effigiem
340 4249 379 4309 ad
401 4269 460 4312 nos
476 4249 665 4331 pervenire,
690 4269 831 4333 vereque
849 4248 934 4312 illam
951 4269 1064 4337 quam
1059 4249 1170 4313 animo
1187 4240 1324 4324 offert,
1327 4244 1403 4337 sp'e·

67 4339 117 4413 cie
142 4361 270 4405 sensum
299 4341 433 4423 percelli
456 4363 517 4406 nee
541 4341 682 4406 mentiri.
742 4344 838 4424 Quod
859 4343 886 4406 si
908 4342 978 4441 quis
996 4328 1097 4425 ipsam
1127 4343 1262 4408 solidam
1282 4334 1431 4449 turrim
1507 4409 1510 4413 ,

75 4434 215 4499 eiusdem
244 4432 372 4518 formae
402 4457 473 4498 cum
496 4437 598 4522 longo
626 4435 742 4499 itinere
767 4436 895 4500 defesso
922 4448 1016 4522 atque
1044 4433 1206 4522 languido
1224 4446 1257 4500 et
1281 4436 1405 4500 iamiam‘

69 4540 280 4595 evanescente
298 4521 428 4611 spectro
448 4550 508 4594 suo
527 4551 599 4604 esse
619 4530 798 4608 existimet,
821 4529 1019 4614 opinione,
1005 4552 1071 4596 nou
1092 4548 1191 4595 sensu
1209 4521 1405 4638 decipiatur.

68 4620 216 4706 Namque
238 4635 270 4688 et
289 4623 425 4687 validam
448 4623 519 4710 quis
541 4645 691 4694 voceme
712 4624 892 4710 longinquo
911 4628 952 4688 ad
974 4646 1007 4689 se
1026 4626 1185 4703 delatam,
1204 4622 1231 4689 si
1236 4625 1292 4691 uti
1307 4634 1403 4690 sensu

66 4717 225 4802 percipit,
249 4708 362 4815 eitilem
381 4728 491 4802 putet,
514 4718 605 4803 ipse,
630 4730 696 4785 non
715 4741 845 4799 seusus,
869 4723 1011 4784 aberret.
1056 4670 1203 4806 Namqsie
1224 4742 1336 4786 sensus
1354 4717 1403 4782 uti

1349 4858 1403 4876 -

145 4928 182 5005 (ί)
204 4941 265 5000 ιο,
277 4938 321 4995 ιι.
363 4933 402 5000 (2)
422 4947 521 4987 contra
542 4933 682 5011 Ωιιοιιιιι.
715 4931 760 5003 (³)
780 4932 923 4991 Plutarch.
944 4947 1045 4991 eontra
1064 4933 1127 4991 col.
1153 4954 1197 5009 p
1194 4937 1289 4999 1125.
1311 4934 1409 4993 Sextus

70 5007 131 5066 adv.
145 5009 257 5086 discipl.
278 5025 342 5085 cap.
359 5005 393 5063 de
412 5012 542 5067 eniteris.
