3188 5492
514 376 699 466 stultu.
744 388 943 459 atum
992 408 997 419 .
1049 428 1052 435 .
1111 406 1113 411 v
1326 388 1389 471 stt

6 490 8 515 ,
53 511 57 521 .
1366 496 1368 499 .

139 541 219 605 XX.
243 538 296 603 to.
320 537 537 619 Poetealtuus
558 523 611 600 ille
634 533 823 613 Paeonium,
861 532 939 612 (scis
960 531 1042 596 enim
1065 528 1224 619 Citieos¹,
1256 530 1389 599 dimna

62 648 147 711 tum,
171 654 188 696 e
210 630 374 709 Phoenica
396 629 598 715 proiectum)
619 631 718 693 horno
740 627 845 711 iginu-
861 637 975 695 aeutus
995 647 1210 693 uacuamunn
1226 625 1389 703 obtinens,

62 738 249 812 repugnante
264 734 404 813 ἠως,
428 727 529 794 rerba
552 742 685 807 versate
702 719 836 811 coepitt
872 732 905 786 et
926 721 1064 804 primum
1087 723 1187 787 rebus
1207 720 1277 798 iis’,
1309 742 1388 805 ques

61 844 114 888 nos
135 825 236 886 honae
258 819 401 894 ducimrts
410 819 436 894 ³,
461 817 633 894 eoncemit,
658 829 693 881 ut
713 817 909 881 haberentur
932 827 1037 899 aptae,
1060 815 1209 880 hansscst
1229 827 1261 879 et
1278 817 1319 883 ad
1332 836 1390 879 na·

62 933 156 983 turrem
178 918 456 980 accommodatae:
480 914 640 999 faterique
661 909 782 993 eoepit,
805 909 1039 992 sapientibus
1058 921 1119 986 est,
1140 931 1263 980 ,numme
1276 911 1385 984 beato,
1475 918 1480 926 '

61 1011 250 1077 commodius
272 1021 377 1073 tamen
401 1030 490 1084 esse,
515 1009 543 1073 si
564 1030 602 1073 ea
625 1026 755 1096 quoque
775 1003 903 1079 habeat,
927 1018 1011 1089 quiae
1034 1006 1119 1069 bona
1139 1026 1206 1069 non
1224 1008 1317 1068 audet
1331 1024 1390 1087 ap·

6 1142 7 1155 .
60 1108 191 1190 pellare3
213 1106 330 1188 natiuit
350 1103 419 1185 ipsa
443 1105 646 1167 commodata
669 1121 738 1164 esee
753 1097 942 1162 concedit⁵t
964 1109 1138 1183 negatque,
1163 1101 1345 1173 Platonem,
1363 1096 1392 1161 si
1426 1181 1429 1187 Ι

6 1216 7 1251 t
62 1201 179 1283 sapiens
201 1218 267 1263 non
290 1197 349 1272 sit,
373 1199 484 1260 eadem
506 1217 576 1260 esse
597 1196 630 1258 in
652 1215 765 1270 eausa,
791 1202 853 1276 qua
874 1204 1045 1272 tyranuum
1066 1192 1272 1273 Dionysium.
1303 1182 1390 1256 Hesio
1452 1221 1487 1243 ν.

6 1310 8 1345 t
58 1293 137 1359 mori
151 1294 306 1376 optimum
322 1312 404 1367 esse,
421 1301 559 1373 propter
574 1290 828 1372 desperationem
844 1285 1038 1369 sapientiae:
1063 1287 1121 1361 illi,
1137 1299 1274 1370 propter
1285 1308 1391 1370 spem,

6 1404 8 1440 ¹
60 1389 181 1452 urerer
206 1396 338 1469 peccata
362 1395 465 1451 autem
487 1383 605 1466 partim
628 1405 696 1457 esse
716 1379 916 1456 tolerabilia,
940 1379 1056 1462 partim
1071 1381 1161 1444 utillo
1177 1383 1286 1456 modo‘,
1309 1401 1389 1465 pro·
1416 1392 1418 1397 “

6 1498 9 1533 t
64 1494 166 1564 pterea
193 1482 284 1565 meod
312 1478 374 1541 alia
401 1489 533 1560 peccata
563 1480 712 1567 plures,‘'
730 1475 790 1537 alia
815 1472 989 1556 pauciores
1009 1471 1098 1557 quasi
1119 1494 1271 1541 numeros
1293 1473 1390 1541 offioii

6 1600 8 1628 ι
62 1574 288 1662 praeterirent:
310 1572 371 1634 iaus
394 1571 578 1653 insipientes
601 1572 681 1645 alios
702 1571 746 1633 ita
768 1588 855 1644 esse,
880 1577 915 1630 ut
930 1569 1019 1633 nullo
1035 1567 1132 1634 modo
1147 1569 1187 1632 ad
1201 1570 1387 1651 sapientiam

6 1688 9 1723 t
62 1679 185 1751 possent
206 1666 398 1748 perveniret
431 1665 530 1742 alios,
554 1665 780 1751 quiposeent,
805 1660 833 1724 si
853 1658 885 1749 id
906 1661 1086 1746 egisseut⁶,'
1102 1663 1287 1746 sapientiam
1310 1687 1389 1730 con·
1418 1710 1426 1723 .

6 1780 10 1817 l
63 1762 158 1846 acutri.
200 1763 259 1825 b'l.
274 1760 338 1823 Hie
359 1760 552 1844 loquebatur
574 1759 688 1834 aliter,
711 1769 957 1841 atquaomues3
980 1755 1265 1836 sentiebaaidem,
1301 1761 1390 1841 quand

9 1894 11 1907 ·
62 1856 166 1920 ceteri.
224 1856 299 1920 Nec
320 1874 402 1918 vero
425 1854 558 1926 minoris
581 1853 773 1919 aestimanda
795 1849 930 1912 ducebat
951 1870 1009 1925 ea,
1034 1873 1115 1934 quae
1136 1851 1205 1935 ipse
1227 1854 1313 1917 bona
1333 1872 1391 1916 ne-

7 1970 9 2006 ε
62 1961 146 2033 garet
167 1968 261 2023 esse,
283 1968 377 2033 εγω
398 1948 462 2022 illi,
483 1949 542 2033 qut
564 1968 601 2012 ea
622 1950 708 2012 bona
730 1944 823 2010 esse?
843 1945 1011 2031 dicebant.
1058 1944 1145 2028 Quid
1164 1945 1265 2032 igitur
1286 1946 1390 2011 voluit

6 2063 11 2100 u
59 2042 131 2119 sibi,
155 2041 211 2126 qui‘
224 2040 282 2106 illa
298 2041 494 2107 minaverit?
517 2020 639 2107 sattem‘
651 2040 824 2126 aliquidde
839 2040 983 2120 pondere
997 2040 1209 2119 detraxisset,
1233 2051 1266 2104 et
1279 2041 1390 2123 paullo
1403 2064 1415 2115 s

6 2158 11 2213 t
59 2136 181 2201 urinaria
205 2136 440 2201 aestimavisset
462 2157 517 2212 ea,
548 2159 643 2224 quiam
665 2130 894 2216 Peripatetici,
929 2142 964 2194 ut
991 2131 1111 2197 sentire
1132 2152 1262 2219 quicque
1282 2135 1387 2210 aliiid,

6 2271 9 2289 .
61 2250 118 2293 nou
139 2232 248 2294 solunt
269 2229 375 2294 dicere
397 2230 576 2295 videretur.
621 2228 731 2312 Quid?
753 2231 794 2291 de
813 2226 882 2309 ipsa
896 2227 991 2289 beata
1005 2226 1090 2304 vita,
1115 2226 1266 2319 adquam
1282 2230 1388 2294 omnia
1447 2252 1484 2275 ι’

6 2347 12 2383 u
59 2324 257 2403 referuntur,
281 2348 364 2410 quae
386 2324 514 2391 dicitis?
551 2326 685 2409 Negatis
707 2344 776 2411 earn
798 2341 887 2396 esse,
921 2341 1005 2406 quae
1025 2322 1156 2405 expleta
1177 2324 1219 2387 sit
1240 2324 1389 2388 omuibus
1435 2340 1438 2344 ·

6 2440 13 2479 s
60 2417 109 2481 ἰῐε18
131 2421 250 2495 rebus,
274 2440 354 2503 quas
375 2433 489 2485 natura
511 2420 688 2484 desideret:
711 2428 875 2500 totumque
889 2434 966 2479 *earn
983 2414 1020 2479 iu
1035 2438 1099 2482 una
1114 2418 1233 2483 virtute
1246 2417 1387 2501 ponitis:

6 2530 13 2572 s
61 2534 212 2599 quumque
249 2513 352 2578 omnis
380 2513 604 2609 controversia
633 2522 687 2574 aut
716 2513 756 2577 de
784 2530 820 2573 re
848 2510 969 2587 soleat„
1004 2522 1059 2574 aut
1088 2513 1386 2590 denominasse,

6 2634 12 2693 p
59 2620 185 2692 tetraque
207 2626 321 2671 earum
343 2605 505 2684 nascitur,
542 2608 570 2671 ei
591 2617 646 2670 aut
667 2626 721 2669 rea
740 2602 929 2689 ignoratur,
944 2630 949 2641 *
965 2616 1019 2668 aut
1042 2618 1168 2670 erratur
1189 2607 1388 2673 innomine.

7 2726 15 2771 t
61 2700 197 2781 Quorum
232 2700 260 2763 si
287 2702 457 2765 nentrum⁹
480 2710 547 2778 eat,
582 2721 685 2783 opera
706 2701 808 2762 danda
829 2699 924 2774 est¹⁰,
957 2709 994 2762 ut
1015 2701 1125 2764 verbis
1147 2710 1274 2765 utamur
1294 2716 1389 2784 quam

8 2822 13 2859 u
59 2793 262 2858 usitatissimis
278 2806 310 2858 et
325 2816 418 2878 qtram
435 2797 570 2859 maxime
585 2794 688 2877 aptis,
710 2795 826 2870 idest,
849 2813 918 2856 rem
938 2792 1186 2882 deelarantilpus.
1231 2797 1287 2859 58.
1301 2797 1389 2858 Num
1432 2808 1434 2812 ‘

8 2914 13 2951 ε
59 2884 148 2970 igitur
180 2888 314 2951 dubium
346 2898 414 2962 est,
447 2891 542 2974 quin,
576 2889 605 2952 si
631 2888 664 2952 in
685 2909 721 2952 re
742 2889 812 2971 ipsa
832 2886 910 2951 nihil
931 2899 1085 2969 peccatur
1107 2908 1123 2952 a
1146 2886 1386 2972 superioribus,

6 3008 13 3069 p
59 2982 157 3045 verbis
186 2982 235 3046 illi
266 2981 465 3045 commodius
492 2994 623 3046 utantur
632 2980 685 3044 ¹¹?
718 2981 893 3045 Videamus
922 2979 1024 3067 igitur
1056 2983 1226 3047 sententias
1254 2992 1384 3068 eorum:

6 3104 13 3164 p
59 3084 117 3137 tum
137 3079 176 3139 ad
199 3078 303 3140 verba
324 3078 503 3140 redeamus.
729 3134 732 3139 .
888 3070 889 3077 ἵ

8 3226 9 3235 ,
137 3170 242 3233 XXI.
265 3167 386 3234 Dicunt
408 3171 634 3254 appetitionem
651 3168 745 3234 auihti
759 3170 900 3246 m'overi,
924 3193 1021 3255 quum
1038 3170 1157 3254 aliquid
1172 3170 1202 3235 ei
1215 3175 1386 3241 secumdum
1498 3186 1501 3187 ⁷

6 3296 13 3333 ι.
60 3275 194 3331 naturam
218 3285 289 3327 esee
313 3264 479 3341 videatttn;
502 3265 689 3350 omniaque,
714 3287 795 3349 quiae
818 3267 989 3328 secundum
1005 3278 1149 3328 naturam
1164 3267 1275 3344 sinte,
1295 3267 1389 3330 aesti-

6 3384 12 3427 ς
60 3358 190 3421 tutatione
214 3358 324 3443 aliqua
347 3358 462 3442 digna:
498 3381 598 3443 eaque
620 3376 683 3441 pro
705 3380 763 3435 eo,
788 3372 939 3443 quamum
960 3358 993 3421 in
1015 3363 1180 3444 quoque¹³
1202 3354 1244 3426 sit
1264 3365 1388 3444 pondes

8 3481 13 3517 ,
61 3448 117 3523 ris,
151 3471 220 3513 esse
246 3453 456 3521 aestimanda:
493 3472 638 3537 quaeque
658 3454 828 3517 seeundum
850 3456 995 3517 naturam
1016 3453 1131 3530 sinte,
1166 3457 1280 3539 partim
1310 3458 1388 3525 nihil

6 3570 12 3611 r
60 3541 169 3607 habere
191 3545 223 3608 in
246 3564 316 3609 sese
338 3546 405 3610 eius
427 3547 652 3630 appetitionis,
687 3550 733 3610 de'
748 3568 812 3632 qua
833 3566 928 3628 saepe
950 3545 1010 3609 iarn
1034 3547 1191 3627 diximus,
1224 3554 1306 3635 quae
1328 3556 1387 3617 nec

6 3666 11 3705 p
60 3634 198 3713 honesta,
227 3660 287 3703 nec
308 3640 476 3704 laudabilia
500 3641 665 3704 dicantur:
688 3642 955 3725 pautim¹⁵,squae
978 3641 1175 3722 voluptatem
1194 3641 1333 3707 habeant
1349 3645 1388 3709 -in
1485 3666 1489 3685 .

6 3758 12 3801 p
60 3730 342 3809 omnianiuiaute,
367 3737 423 3797 sed
444 3735 476 3797 in
497 3735 625 3798 homine
639 3735 796 3799 rationem
811 3736 924 3810 etiam3
948 3756 990 3799 ex
1006 3734 1098 3811 staff,
1122 3759 1206 3822 quae
1222 3739 1285 3803 sint
1300 3740 1385 3822 apta,
1523 3730 1525 3739 '

6 3836 12 3890 t
61 3842 92 3883 ea
112 3825 266 3902 honesta,
290 3848 328 3890 ea
348 3830 500 3909 putlchra,
524 3850 561 3891 ea
583 3827 764 3893 laudabilia.
808 3830 869 3893 llla
890 3841 993 3893 auteur
1015 3831 1205 3923 superiora,
1231 3834 1389 3899 naturalia
1422 3890 1434 3904 ,

6 3950 12 3988 p
60 3917 273 3994 nominantur3
309 3942 389 4004 quae
420 3923 589 3986 coniuncta
618 3944 689 3985 cum
717 3924 860 3986 honestis
882 3923 988 3987 *vitam
1016 3927 1141 3988 beatam
1163 3928 1335 4010 perficiunt
1357 3943 1389 3992 et

62 4025 1389 4059 mmm

6 4076 12 4093 ‘
129 4067 166 4144 (¹)
193 4071 242 4124 Sic
267 4075 303 4129 G.
331 4079 358 4129 2.
384 4104 423 4118 -
448 4076 572 4128 Citiaeos
599 4078 702 4148 Pleriq.
727 4105 766 4119 —-
791 4079 928 4130 Cittiusos
948 4089 974 4135 1.
995 4084 1045 4145 (-··
1063 4086 1146 4133 citius
1165 4115 1184 4126 -
1203 4116 1222 4127 -
1240 4104 1259 4136 a
1274 4090 1390 4155 poetica

6 4164 10 4194 s
58 4142 130 4214 nrof.
149 4145 220 4202 cdd.
241 4147 332 4203 multi.
355 4150 386 4204 P.
406 4147 452 4225 V.)
465 4170 491 4205 v.
505 4148 575 4205 aad.
597 4150 635 4227 (2)
646 4180 686 4195 -
703 4150 747 4204 lus
756 4154 788 4206 P.
802 4155 834 4205 V.
856 4154 892 4207 G.
905 4160 930 4210 2.
944 4154 1055 4220 ,(³)-Stc
1068 4159 1098 4210 P.
1109 4159 1151 4212 t.
1165 4163 1202 4213 D..
1212 4170 1236 4216 1.
1249 4167 1275 4217 2.
1290 4176 1327 4212 su
1340 4160 1389 4211 di-

6 4228 11 4277 t
60 4222 139 4270 eunus
158 4222 261 4285 cuv.
282 4224 323 4278 M.
345 4226 380 4280 G.
408 4225 479 4279 lllud
499 4228 636 4300 praetuli,
669 4233 699 4282 u't
726 4234 826 4281 iustior
853 4234 890 4282 sit
917 4235 1058 4302 oppositio
1081 4238 1144 4287 curn
1167 4254 1192 4288 v.
1212 4227 1391 4299 haberentur.

6 4298 10 4349 i
60 4288 94 4364 (³⁰)
110 4322 146 4340 ·-
164 4295 333 4352 haberemur
352 4302 488 4373 optabiles
507 4301 576 4357 cdd.
597 4305 662 4375 aliq.
688 4301 776 4369 Vide,
797 4323 832 4356 ne
851 4303 956 4356 habiles
975 4310 1090 4360 omniuo
1112 4329 1126 4361 e
1139 4311 1212 4381 gloss
1238 4312 1283 4364 sit.
1322 4308 1389 4384 (⁵)tr

6 4394 9 4425 t
60 4366 122 4424 edd.
147 4373 218 4428 batt.
244 4375 282 4433 G.
304 4376 537 4449 Videtur-tamen
564 4391 736 4451 corruptum.
762 4408 799 4423 -·
824 4387 1017 4452 notraro⁴ipsa
1036 4385 1292 4439 accommodatae.
1312 4405 1335 4437 c.
1357 4386 1389 4439 V.

6 4485 7 4493 .
60 4444 394 4522 Montunates
413 4453 443 4507 hi
461 4468 516 4520 teet
537 4455 597 4529 [].)
612 4471 650 4510 tto
669 4464 790 4507 nasrerae
810 4461 865 4528 ipsi
882 4472 1014 4512 ancorum.
1035 4477 1058 4512 e.
1078 4477 1103 4512 c.
1125 4461 1155 4514 P.
1175 4463 1206 4514 L.
1226 4477 1264 4515 so
1283 4460 1392 4512 tratrcrd

6 4554 9 4564 ι
60 4517 116 4588 limi
139 4528 335 4578 commendata
362 4527 423 4601 Lall
452 4536 526 4604 susp.
579 4529 617 4604 (ὅ)
637 4549 652 4584 e
671 4529 741 4587 cdd.
765 4533 799 4603 D.
819 4531 899 4604 Seqq.
921 4561 954 4575 -
976 4539 1001 4584 si
1019 4533 1052 4583 td
1069 4538 1224 4603 gessissent
1241 4539 1273 4591 P.
1294 4538 1326 4589 V.
1348 4539 1390 4592 M.

6 4602 9 4650 t
61 4594 135 4650 esur.
152 4627 193 4641 --
212 4604 236 4650 si
250 4608 453 4674 processissent
470 4606 501 4659 l..
522 4603 551 4661 (l.
600 4602 638 4680 (7)
663 4631 701 4646 ·-
728 4604 781 4660 del.
805 4625 864 4660 esse
885 4607 952 4663 Eun.
972 4614 1076 4680 auspic.
1129 4612 1167 4678 (⁸)
1186 4620 1225 4654 2-
1243 4611 1288 4663 lu'e
1306 4613 1338 4667 P.
1357 4614 1398 4667 V..

6 4692 8 4725 2
62 4667 94 4720 G·
117 4677 143 4727 2.
194 4672 294 4753 Cli:
316 4687 491 4731 neretrnmei
511 4686 546 4735 (3.
567 4689 593 4738 2.
614 4687 711 4735 nescio
731 4678 816 4737 unde.
864 4682 916 4757 (¹⁰)
936 4715 973 4727 ·-
993 4682 1045 4735 del,
1066 4693 1109 4736 eet
1129 4703 1193 4739 cum
1215 4688 1284 4746 cad.
1306 4690 1341 4744 G.
1364 4696 1397 4744 2:

61 4741 106 4814 (Μ)
123 4777 161 4791 -
179 4759 298 4804 letantur
317 4746 347 4808 P.
368 4757 400 4809 V.
422 4755 503 4809 Grut.
533 4758 716 4811 Correxerant
736 4763 793 4809 iarn
814 4760 855 4813 Μ.
879 4763 907 4812 l...
935 4758 991 4812 Pro
1010 4762 1247 4814 commodtsos-
1266 4782 1392 4816 commo-
1422 4784 1425 4787 ·

6 4848 7 4851 =
61 4817 180 4875 altoribus
198 4827 231 4879 L.
251 4846 296 4881 sus
319 4849 401 4883 .non
422 4849 542 4904 receptu.
576 4831 837 4907 '(12)--suntM.
860 4835 892 4886 L.
911 4833 947 4886 D.
968 4836 1003 4889 G.
1042 4830 1192 4907 (¹³)-i‘z'n
1205 4858 1309 4910 quiaque
1322 4838 1392 4894 Cdd.
1439 4870 1440 4873 =

64 4892 122 4968 aliq.
142 4899 172 4954 P.
193 4902 226 4955 V.
264 4847 315 4978 (145
334 4935 368 4951 -
389 4917 455 4958 stant
475 4910 505 4961 L.
526 4910 608 4964 Grut.
647 4905 698 4982 (¹⁵)
719 4937 754 4951 -
772 4914 879 4980 partim
901 4925 965 4962 cum
985 4901 1392 4989 delectusslgnott.-'-pcen-

64 4973 109 5020 tim
127 4970 227 5036 habere
247 4981 277 5034 L.
299 4979 328 5035 (i.
350 4980 399 5055 (¹5)
419 5007 454 5040 ε
474 4990 510 5035 iis
531 4994 556 5042 1.
576 5002 614 5038 oto
633 4983 676 5035 llis
695 4984 741 5037 Cr.
764 4985 793 5038 L.
817 4990 850 5039 D.
872 4984 938 5058 (uon
960 4986 990 5040 P.
1012 4987 1043 5038 V.
1065 4988 1138 5056 M),
1388 4980 1398 5001 ’
