3288 5490
549 400 715 467 mnu.
762 396 959 469 coen.
1126 496 1128 503 y
1176 342 1188 354 ¹
1297 466 1306 483 ,
1370 403 1409 491 et

101 550 216 639 praeter
235 557 367 619 terram,
392 564 459 607 rem
482 541 631 606 ullamin
654 528 772 608 mundo
794 545 938 609 moseri:
962 542 1044 632 qua'e
1062 570 1158 633 quum
1175 547 1294 615 circum
1317 568 1410 615 axem
1450 594 1457 606 ι

100 667 130 708 se
148 658 258 706 summa
277 641 439 708 celeritate
462 653 630 704 convertat
653 649 685 703 ct
711 651 882 723 torqueat,
916 645 1025 706 eadem
1054 643 1135 713 effiei
1157 643 1279 720 ornain,
1315 666 1408 727 quae,

99 740 122 802 si
132 741 151 814 ¹,
181 746 277 798 stante
304 747 391 797 terra
399 780 408 812 ,
445 736 565 798 eaelum
597 744 795 797 moveretur.
839 734 1041 823 Atqueboe
1070 736 1164 800 etiam
1186 739 1354 802 Platonem
1376 739 1412 804 in

100 833 218 895 Timaeo
247 829 350 890 dicere
380 828 507 912 quidam
538 827 752 902 arbitrantur,
791 829 847 889 sed
875 829 984 909 paullo
1014 820 1196 894 obscurius.
1242 832 1328 913 Quid
1355 844 1410 909 tu,

98 921 247 1010 Epicure?
272 921 421 1006 loquere.
459 925 559 989 Putas
576 944 644 985 esse
661 920 761 986 solem
778 920 959 984 tantulum?
973 956 1016 971 -
1038 923 1056 959 ‘⁴‘
1072 925 1148 1008 Ego
1164 946 1203 988 ne
1218 920 1266 987 bis
1282 924 1413 1009 quidem

29 1032 31 1059 ¹
98 1021 241 1083 tantum²l
255 1055 298 1070 ·-
320 1021 383 1082 Sed
403 1031 434 1083 et
449 1040 509 1084 vos
525 1019 565 1080 ab
584 1017 641 1081 illo
656 1014 839 1090 irridcmini,
861 1026 893 1077 et
914 1015 976 1097 ipsi
997 1017 1085 1083 illum
1107 1018 1246 1084 vicissim
1269 1020 1408 1085 eluditis.

96 1113 186 1176 Liber
198 1113 292 1198 igitur
307 1136 327 1177 a
338 1110 393 1176 tali
407 1111 555 1175 irrisione
569 1112 734 1183 Socrates,
753 1109 837 1171 liber
850 1109 965 1173 Aristo
978 1108 1091 1188 Chius,
1110 1113 1165 1198 qui
1180 1111 1258 1175 nihil
1272 1114 1409 1178 istorum
1431 1179 1445 1203 l
1503 1190 1506 1197 Ἰ

96 1207 375 1290 sciripntatposse.
412 1206 486 1269 tii.
511 1200 903 1278 Sedredeoadanimum,
928 1215 1105 1287 etcorpus.
1150 1206 1409 1271 Satisnetaudem
1496 1246 1498 1253 ·

53 1312 56 1318 '
95 1318 124 1362 ea
138 1309 206 1365 nota
220 1312 293 1363 sunt
307 1299 413 1381 nobis,
431 1320 511 1380 quae
527 1319 700 1373 nervorum
716 1307 828 1360 natura
844 1296 896 1373 sit,
917 1316 997 1382 qnae
1012 1298 1189 1363 venarum?
1212 1310 1406 1376 tenemusne,

95 1394 158 1478 quid
171 1393 288 1457 animus
304 1393 390 1459 sit³?
418 1391 552 1456 ubisit?
575 1391 729 1474 denique,
754 1390 856 1464 sitne,
882 1412 938 1468 an,
962 1403 997 1454 ut
1011 1392 1212 1473 Dicaearcho
1230 1394 1329 1456 visum
1346 1407 1417 1472 est,¹
1478 1428 1485 1449 ι

92 1509 125 1550 ne
144 1487 190 1550 sit·
201 1489 328 1572 quidem
349 1485 459 1551 ullus?
497 1486 532 1552 si
554 1499 621 1551 est:
648 1496 757 1549 tresne
778 1495 887 1565 partes
907 1486 1040 1564 habeat,
1065 1498 1101 1550 ut
1123 1486 1252 1551 Platoni
1273 1489 1406 1569 placuit,

92 1580 226 1658 rationis,
250 1582 340 1659 irae,
366 1580 567 1664 cupiditatis;
592 1601 630 1643 an
649 1578 1027 1663 simplexunusquesit?
1049 1581 1076 1644 si
1094 1602 1173 1644 nuris
1193 1580 1405 1663 etlsimplex,
1479 1601 1506 1672 J
1565 1586 1616 1629 ³¹

91 1687 183 1737 utrum
204 1675 243 1737 sit
263 1676 362 1761 ignis,
386 1698 424 1738 an
446 1675 559 1749 anima,
585 1694 623 1737 au
642 1670 797 1757 sanguis?
820 1694 871 1750 an,
896 1686 930 1738 ut
947 1675 1183 1750 Xenocrates⁶,
1209 1674 1408 1763 ἡ1ιιιιιιιειιιι1

92 1771 167 1832 nullo
185 1769 350 1852 corpore?
373 1772 476 1855 (quod
496 1767 641 1853 intelligi,
666 1768 759 1853 quale
781 1765 833 1842 sit,
857 1769 914 1831 vix
934 1781 1043 1851 potest
1053 1773 1078 1849 ι)
1104 1783 1148 1845 et,
1173 1767 1326 1852 quidquid
1345 1779 1406 1845 est,

28 1880 30 1883 ’
91 1863 209 1925 mortale
231 1863 305 1938 sit7,
331 1886 370 1926 an
393 1862 580 1927 aeternum?
613 1883 685 1924 nam
707 1872 874 1944 utramque
895 1862 929 1925 in
950 1866 1101 1945 partem8
1124 1864 1220 1931 multa
1243 1862 1404 1928 dicuntur.

28 1950 29 1955 ¹
90 1957 203 2020 Horum
215 1958 340 2042 aliquid
360 1972 472 2023 restro
493 1957 630 2040 sapienti
645 1966 768 2018 certum
787 1952 930 2023 vidctnrz
948 1970 1087 2035 nostro,
1112 1956 1249 2041 nequid
1271 1956 1408 2021 maxime

90 2051 200 2134 quidem
221 2051 395 2134 probabile
418 2054 476 2130 sit,
506 2050 666 2123 occurrit;
699 2046 743 2109 ita
767 2046 893 2111 suntin
914 2048 1077 2139 plerisque
1099 2050 1333 2118 contrariarum
1353 2073 1408 2116 ra·
1430 2124 1432 2137 Ι
1479 2054 1482 2060 ’

83 2154 193 2207 'nonum
214 2147 304 2228 paria
327 2158 498 2210 momenta.
519 2224 521 2229 ,
1277 2156 1279 2169 '

160 2240 237 2304 XL.
278 2242 352 2304 tat.
386 2242 441 2304 Sin
471 2241 541 2326 agis
569 2236 799 2311 verecundius,
835 2246 942 2299 et2me
965 2258 1114 2314 accusas,
1147 2259 1211 2302 non
1235 2223 1323 2322 quod
1344 2239 1410 2303 tuis

28 2366 30 2373 ι
89 2331 251 2397 rationibus
281 2356 345 2397 non
376 2328 550 2410 assentiar,
585 2334 756 2418 sed‘quod
785 2330 902 2406 nullis3
944 2331 1067 2395 vincam
1098 2333 1255 2409 animum,
1292 2334 1406 2419 cuique
1497 2368 1500 2373 v

88 2429 244 2503 assentiar,
277 2428 428 2513 deligam.
474 2429 576 2509 Quem
599 2424 822 2509 potissimum?
855 2425 972 2509 quem?
991 2425 1245 2490 Democritum:
1279 2448 1410 2507 semper

88 2520 169 2595 enim,
191 2533 228 2585 ut
242 2523 343 2599 scitis,
367 2525 527 2587 studiosus
547 2520 720 2586 nobilitatis
736 2519 817 2584 sui⁹.
856 2520 1010 2604 Urgebor
1024 2519 1243 2591 iamomnium
1259 2526 1403 2587 vestrim

89 2614 235 2680 tonucio.
284 2618 377 2680 'l'une
401 2628 454 2679 aut
471 2616 566 2680 inane
589 2615 756 2702 quidquam
779 2625 871 2695 putes
893 2634 978 2689 esse,
1004 2635 1100 2696 quum
1121 2613 1165 2677 ita
1188 2615 1347 2696 completa
1372 2628 1424 2705 et!
1465 2662 1486 2689 „

27 2704 28 2707 ’
88 2708 219 2772 conserta
235 2711 300 2773 sint
316 2710 439 2787 omnia,
463 2723 499 2773 ut
514 2723 563 2787 et,
588 2712 675 2794 quod
689 2706 875 2772 movebitur
886 2726 1079 2787 corporum,
1105 2710 1242 2783 cedaiw,
1266 2721 1316 2784 et,
1342 2730 1404 2792 qua

87 2804 223 2887 quodque
232 2807 257 2844 ¹¹
274 2805 422 2880 cesserit,
449 2804 535 2868 aliud
556 2804 641 2867 illico
665 2799 898 2884 subsequatur?
921 2811 974 2862 aut
989 2811 1113 2864 atomos
1129 2801 1228 2876 ullas,
1253 2800 1402 2886 equibus
1505 2816 1510 2843 ¹

86 2896 228 2982 quidquid¹
247 2899 419 2974 efficiatur,
443 2899 566 2979 illarum
589 2898 630 2961 sit
652 2893 914 2960 dissimillimum?
937 2907 990 2959 urit
1012 2893 1080 2959 sine
1098 2894 1203 2979 aliqua
1219 2907 1403 2977 incuterent

27 3070 29 3079 .
85 2988 169 3052 ullam
190 2992 273 3055 effici
295 3014 391 3076 posse
413 2992 636 3074 praeclaram?
659 3003 708 3066 et,
734 3012 829 3075 quum
851 2991 883 3051 in
907 3011 969 3053 uno
988 2992 1105 3053 mundo
1121 3000 1255 3052 ornatus
1269 2989 1321 3051 uic
1338 2999 1410 3070 taur·

87 3080 119 3142 sit
132 3084 289 3162 mirabilis,
314 3086 571 3162 innumerabiles,
596 3106 694 3168 supra
708 3085 811 3160 inira,
834 3087 946 3146 dextra
957 3083 1100 3159 sinistra,
1125 3095 1195 3145 ante
1211 3095 1297 3165 post,
1323 3082 1404 3144 alios

86 3174 256 3256 dissimiles,
284 3181 364 3244 alios
387 3179 612 3244 eiusdemmodi
634 3182 768 3243 mundos
789 3178 888 3242 esse?
908 3189 968 3259 flet,
999 3190 1032 3239 ut
1054 3199 1113 3240 nos
1135 3197 1219 3249 nunc
1241 3177 1338 3239 siuius
1361 3179 1401 3237 ad

86 3267 215 3349 Baulos,
253 3275 474 3357 Puteolosque
504 3273 713 3350 videamns¹²,
751 3272 797 3336 sic
826 3270 1069 3359 innumerabiles
1098 3272 1228 3353 paribus
1260 3271 1292 3332 in
1321 3269 1402 3334 locis

149 3544 184 3610 (¹)
206 3547 253 3599 Sic
267 3546 345 3599 Man.
359 3536 388 3602 il.
402 3545 452 3614 L.,
473 3561 503 3617 qt
524 3545 635 3602 volebat
653 3546 804 3601 Bentleius.
824 3545 915 3620 (prob.
930 3548 978 3612 D.)
990 3545 1026 3601 G.
1038 3550 1064 3600 2.
1083 3574 1122 3611 -‚-
1140 3549 1220 3615 quari
1234 3545 1267 3599 Η.
1279 3546 1311 3595 V·
1326 3543 1361 3598 D.
1374 3550 1402 3601 1.

85 3609 117 3686 (⁹)
141 3617 186 3673 Sic
204 3620 290 3678 nte.
310 3622 433 3686 firmata,
461 3626 486 3674 ei
509 3620 575 3695 fider
595 3621 792 3688 collatoribus,
821 3623 856 3677 ab
876 3623 929 3677 Ox.
949 3624 983 3676 U.
1022 3618 1092 3675 Vide
1113 3620 1226 3692 Madvig
1247 3623 1268 3674 l.
1289 3638 1316 3685 p.
1339 3622 1402 3678 184.

83 3715 116 3730 ··
131 3691 192 3763 Ego
212 3715 247 3749 ne
266 3697 348 3750 vobis
365 3696 474 3769 quidem
493 3705 604 3749 tantum
623 3697 692 3750 cdd.
706 3697 770 3768 aliq.
784 3699 821 3752 H.
830 3700 863 3752 V.
877 3700 919 3752 Μ.
932 3697 968 3750 1).
981 3704 1009 3754 d.
1023 3725 1065 3762 ,-
1083 3695 1202 3765 Egone?
1221 3713 1274 3748 vos
1293 3694 1411 3769 quidem'

83 3771 101 3820 t.
119 3766 184 3823 Cdd.
205 3773 271 3842 aliq.
292 3772 359 3824 Lall.
383 3771 419 3825 G.
441 3779 466 3831 2.
504 3772 634 3826 Lambini
653 3773 841 3846 Madvigtique
867 3774 952 3826 lectio
977 3770 1150 3845 probabilem
1173 3776 1268 3842 utique
1288 3770 1402 3841 praebet

27 3852 29 3865 ’
84 3855 191 3909 tensum.
219 3846 273 3900 Sed
288 3848 398 3901 collatis
412 3846 482 3902 locis
499 3847 697 3922 compluribus,
716 3848 763 3901 ubi
777 3847 912 3903 eiusmodi
932 3863 1063 3920 responsa
1084 3849 1222 3919 incipiunt
1243 3867 1267 3900 v.
1281 3845 1402 3913 Egone?

83 3932 104 3968 l·
123 3933 146 3973 0·
163 3924 187 3988 b.
208 3918 272 3981 118.
292 3939 321 3977 et
340 3922 430 3976 verbis
451 3925 475 3992 b.
496 3928 541 3983 82.
567 3926 821 3988 veliterensem,
850 3932 969 3997 picantias
986 3921 1134 3988 videatur,
1165 3926 1235 3977 mibi
1255 3918 1401 3993 legendum
1424 3974 1426 3977 .

35 4026 37 4033 .
82 3990 195 4049 videtur:
214 4014 254 4052 on
271 3998 391 4068 Egone?
410 3997 681 4069 eqrtidemdantum!
714 3999 775 4054 scil.
798 4008 910 4051 tantiam
929 4002 1057 4071 reprimit
1076 3997 1233 4075 εἰρωνείαν
1256 4017 1270 4050 v
1300 4004 1401 4047 tantu-

83 4065 139 4121 lum:
174 4075 288 4127 Amicus
306 4072 432 4127 volebat:
461 4090 500 4128 oo
523 4073 649 4144 Egomet·
672 4082 784 4127 tantum
808 4075 926 4146 puidam.
965 4072 1020 4129 sed
1039 4071 1107 4125 illud
1131 4070 1266 4145 praefero.
1307 4076 1402 4144 inepta
1484 4073 1486 4078 ’

82 4156 139 4195 true
157 4163 221 4202 suut
241 4149 432 4221 supplementa
451 4150 546 4214 vobis,
565 4167 632 4215 vos,
652 4168 704 4202 nos
723 4149 766 4225 (nt
786 4150 888 4204 babent
911 4150 957 4202 alii
978 4148 1050 4221 opud
1063 4150 1109 4212 D„
1124 4148 1206 4212 etB.,
1227 4164 1288 4200 orta
1307 4142 1402 4199 om'nia

83 4233 132 4270 ev.
151 4225 342 4294 tre-equidem
361 4225 404 4278 vel
422 4225 539 4296 peridem.
564 4254 603 4267 -
621 4244 657 4278 ne
675 4225 754 4280 nohis
772 4226 881 4295 putidam
899 4234 1010 4279 tantum
1030 4224 1061 4278 P.
1081 4222 1172 4286 Fabri,
1196 4238 1224 4276 et
1243 4222 1402 4277 Castlllonii

83 4301 180 4367 tutpp.)
218 4297 257 4373 (3)
277 4306 487 4353 -sttanimus
500 4301 712 4359 vermittit.
731 4316 769 4353 oo
788 4308 899 4355 animus
917 4301 985 4374 quid
1001 4300 1057 4351 siti
1077 4297 1113 4352 G.
1127 4315 1202 4370 susp.
1243 4298 1400 4363 (Quom.

82 4384 143 4420 imm
153 4381 182 4422 et
195 4374 265 4426 cdd.
277 4374 341 4446 aliq.
352 4377 386 4430 V.
397 4376 439 4429 M.
453 4376 485 4428 L.
524 4376 562 4445 (⁵)
581 4404 620 4417 —-
632 4376 806 4431 Xenocratis
824 4378 857 4429 L.
873 4379 953 4434 1566.
981 4373 1167 4428 velentiae:
1186 4400 1224 4416 ·-
1237 4373 1401 4427 Xenocrati.

83 4441 171 4516 trargo
185 4452 269 4508 1534.
308 4448 537 4524 (nicenum
559 4448 1202 4512 eum.-menscuuuumnne
1242 4444 1401 4522 (ti-,om
1479 4504 1483 4517 ,
1532 4422 1539 4431 “

82 4521 115 4568 tit
131 4521 197 4576 cdd.
218 4524 285 4594 aliq.
306 4529 338 4579 B.
377 4525 415 4593 (⁸)
436 4527 482 4579 Sic
502 4525 572 4579 Cdd.
594 4527 658 4597 aliq.
679 4527 711 4580 L.
731 4528 765 4582 D.
784 4537 808 4583 1.
831 4530 866 4583 G.
882 4535 908 4582 2.
929 4557 964 4568 -
984 4531 1015 4578 in
1034 4534 1151 4594 utraque
1167 4531 1252 4597 parte
1272 4523 1304 4575 Β·
1320 4522 1355 4573 Η·
1369 4521 1401 4594 V,

81 4606 247 4669 -utraque
268 4606 297 4652 in
312 4611 398 4673 parte
417 4604 464 4656 M.-
481 4604 567 4673 Grut.
609 4599 646 4676 (⁹)
666 4628 703 4644 ··-
715 4601 781 4674 fun
800 4604 835 4657 Η·
855 4607 888 4656 V·
933 4602 982 4670 (¹⁰)
1004 4629 1042 4643 “““
1061 4600 1234 4672 qn⁰dc¹mlu⁶
1254 4605 1402 4652 'meatu'

82 4683 172 4740 eorpus
190 4684 219 4725 et
238 4675 319 4727 cedat
338 4678 369 4731 L.
391 4681 473 4737 1566.
513 4675 566 4729 Sed
592 4677 717 4749 volebat:
743 4697 902 4750 quencumque
920 4677 1042 4749 qitodque
1062 4682 1208 4729 moveatur
1226 4691 1342 4745 corpus,
1369 4692 1403 4729 ea

81 4743 253 4821 attuleruut,
274 4759 302 4802 et
319 4771 373 4822 qua
410 4751 515 4823 uodque
534 4757 663 4819 cesserim
678 4772 712 4804 ea
725 4753 806 4805 aliud
816 4761 836 4807 i.
853 4772 876 4807 s.
895 4783 934 4797 -
946 4770 1095 4824 corporum
1114 4767 1165 4823 pro
1185 4749 1269 4820 gloss.
1285 4746 1401 4805 babebat

83 4816 206 4891 Guyetus.
237 4842 275 4878 oo
293 4845 402 4899 corpus,
421 4832 532 4900 corpori
551 4829 633 4879 cedat
654 4830 758 4883 Nescio
777 4835 857 4883 euius
882 4846 956 4901 susp.
995 4829 1046 4895 (Ἠ)
1069 4824 1200 4897 51011111·
1221 4822 1251 4882 Ε·
1273 4834 1296 4895 .1·
1318 4824 1352 4878 ὓ·
1374 4832 1400 4881 9·

82 4918 113 4935 ι-
131 4900 244 4972 (Ιιιίλᾳιω
264 4902 366 4969 Ceteri,
404 4903 456 4970 (Ῑῖ)
477 4921 490 4955 e
505 4899 575 4957 edd,
590 4902 624 4959 G,
639 4910 664 4960 2,
686 4934 724 4948 .-
742 4905 1038 4973 s1cm1u--Wcigalnlu
1051 4903 1082 4959 B·
1097 4902 1131 4959 Η·
1147 4902 1178 4958 V.
1191 4896 1234 4958 Mo
1256 4930 1293 4946 ¹⁸·
1308 4918 1402 4981 SWQM

81 4997 97 5010 ·
114 5001 132 5015 ·
149 4975 275 5029 vitiemur
295 4978 407 5045 (011.)
428 4979 459 5032 L.
479 4978 514 5032 D'.
536 4986 562 5035 1.
1443 4984 1444 4991 ¹
