3288 5490
594 140 596 145 >
615 121 619 156 r

575 403 669 469 mu.
693 404 723 470 l.
770 404 873 471 c.1.
1355 412 1397 475 tt

162 544 325 621 minatur,
350 544 503 609 Thomna
517 556 580 622 est,
603 565 674 609 non
691 538 898 613 Riclmrilns.
914 582 956 595 --
977 548 1136 615 Ceterum
1152 560 1280 634 magno
1295 571 1398 634 opere

157 638 272 715 doleo,v
297 640 417 705 Marsi
438 639 587 703 editione
610 661 663 703 me
678 639 858 715 ‘cemisse,
877 641 980 704 'unde
991 638 1142 731 factum
1162 655 1231 719 est,
1263 654 1302 706 nt
1323 645 1398 708 eius

158 737 316 799 lectiones
343 757 391 798 ex
417 736 527 799 unius,
553 734 739 801 Goerenzii
759 733 841 812 fide
869 756 1062 821 memorare
1089 737 1280 817 potuerim.
1330 737 1399 802 Sed

151 829 364 913 experientia
376 851 483 914 quum
501 828 702 903 didicerim,
726 828 993 893 innumerabiles
1011 841 1045 893 et
1062 814 1278 895 incredibiles
1299 853 1397 895 erro-

106 973 108 979 .
152 945 206 987 res
227 945 251 985 a
264 926 307 987 G.
323 920 529 986 commissos
548 945 623 987 esse
644 921 681 986 in
703 921 902 1014 referendis
918 943 951 985 n.
966 944 996 985 o.
1014 924 1397 989 Cratandrinnelectio-

90 1068 92 1076 .
118 1084 121 1089 ,
150 1017 266 1097 nibus,
300 1019 398 1081 valde
421 1018 641 1087 nretnendum
654 1012 732 1093 est,
767 1039 809 1080 ne
837 1017 958 1083 eodem
988 1017 1092 1083 modo
1114 1029 1271 1083 uersatus
1293 1019 1340 1082 sit
1360 1019 1407 1081 irc⁴

90 1166 92 1171 .
150 1111 413 1176 censueram
443 1122 476 1174 et
498 1111 617 1185 Marsi
644 1111 813 1209 varietate
840 1112 1045 1203 exbibenda.
1090 1112 1289 1195 Optandum
1313 1132 1398 1175 enne

89 1254 92 1258 ,
149 1215 218 1282 est,
242 1216 281 1268 nt
302 1205 479 1288 Spirensis
500 1218 534 1270 et
556 1206 786 1290 Eriangensis
808 1207 922 1270 denno
945 1203 1207 1296 conferantur.)
1309 1272 1311 1276 ,

523 1449 937 1533 timueramus,
1010 1442 1016 1452 '

82 1606 107 1671 l.
127 1607 155 1669 l.
179 1552 277 1669 Non
296 1611 383 1668 eram
399 1605 542 1682 nescius,
567 1606 685 1683 Brute,
710 1626 826 1691 quum,
851 1627 933 1690 quae
954 1605 1082 1670 summis
1103 1605 1256 1691 ingeniis,
1281 1603 1415 1693 siqui&

80 1701 189 1784 sitaque
210 1699 355 1763 docmina
383 1699 570 1783 philosophi
591 1702 722 1767 Graeco
753 1721 902 1765 sermone
919 1701 1172 1777 tractavissent,
1212 1723 1247 1764 ea
1270 1701 1403 1764 Latinis·

78 1793 164 1857 literis
186 1796 423 1870 mandaremus,
447 1793 542 1871 fore,
573 1806 608 1858 ut
629 1795 682 1857 hio
703 1805 814 1858 noster
835 1795 929 1857 labor
949 1794 981 1857 in
1003 1795 1107 1858 varias
1123 1795 1397 1878 ‘reprehensiones

31 1932 33 1937 -
78 1888 250 1952 incurreret.
297 1889 380 1950 Nam
409 1888 617 1972 quibusdam,
657 1900 689 1952 et
717 1887 781 1951 iis¹
803 1889 931 1974 quidem
960 1879 1027 1953 non
1049 1890 1216 1954 admodum
1237 1888 1406 1965 indoctis,

79 1985 185 2047 totum²
206 1985 272 2048 hoc
300 1980 446 2065 displicet
475 1982 711 2067 philosophari.
757 1982 892 2064 Quidam
921 1983 1024 2046 autem
1052 2004 1118 2051 nou
1140 1982 1173 2046 id
1195 1994 1259 2046 tam
1281 2003 1408 2065 repre-s
1559 2052 1570 2076 .

79 2077 224 2154 hendunt,
248 2076 276 2140 si
299 2077 461 2141 remissius
484 2090 615 2163 agatur:
639 2081 695 2142 sed
716 2087 836 2141 tautum
858 2076 994 2140 studium
1016 2089 1143 2162 tamque
1165 2079 1293 2140 multam
1315 2094 1396 2159 ope·
1504 2078 1509 2089 '

64 2191 137 2235 *ram
155 2174 335 2253 ponendam
356 2171 391 2235 in
413 2175 475 2237 eo³
490 2194 556 2237 non
572 2173 779 2236 arbitrantur.
824 2173 931 2234 Erunt
947 2168 1060 2248 etiam,
1084 2171 1163 2234 ethi
1178 2173 1304 2255 mudem
1320 2193 1395 2235 eru·

79 2264 125 2327 diti
151 2255 283 2329 Graecis
311 2264 433 2343 literis,
473 2264 711 2331 contemnentes
733 2264 887 2341 Latinas,
926 2265 982 2349 qui
1012 2285 1046 2328 se
1073 2266 1179 2328 dicant
1206 2266 1238 2329 iu
1261 2264 1394 2330 Graecis

31 2400 34 2407 »
77 2354 216 2447 legendis
227 2379 360 2440 operam
381 2360 474 2442 malle
489 2382 698 2426 consumere.
736 2362 912 2425 Postremo
935 2359 1060 2444 aliquos
1081 2361 1210 2424 iuturus
1232 2361 1391 2442 suspicor,
1506 2358 1508 2367 ’

78 2453 125 2536 qui
144 2472 189 2516 me
210 2455 250 2517 ad
272 2453 484 2542 aliasliteras
503 2466 644 2521 vocent:
682 2475 782 2540 genus
805 2455 868 2517 hoc
890 2452 1070 2530 scribendi,
1102 2456 1162 2518 etsi
1182 2455 1222 2518 sit
1244 2455 1408 2538 elegans,⁴

78 2564 219 2627 personae
241 2540 405 2619 tamen'et
423 2547 589 2635 'dignitatis
604 2570 673 2613 esse
685 2558 820 2632 negent.
865 2546 897 2609 2.
922 2545 1048 2611 Contra
1063 2569 1146 2631 quos
1161 2569 1271 2612 omnes
1286 2547 1395 2610 diceu-
1406 2588 1414 2603 η.
1436 2588 1447 2607 .

78 2641 139 2702 dum
151 2640 295 2720 breviter
311 2640 474 2708 existimo.
512 2644 711 2730 Quamquam
732 2639 957 2724 philosophiae
979 2641 1104 2725 quidem
1119 2641 1410 2724 vituperatoribus·

77 2733 140 2796 satis
159 2754 351 2817 responsum
372 2748 422 2799 est
443 2757 484 2801 eo
506 2737 611 2813 libro,
636 2758 701 2821 quo
724 2735 857 2803 anobis
875 2734 1103 2817 philosophia¹⁶
1122 2736 1249 2800 defensa
1269 2747 1302 2798 et
1325 2735 1395 2798 col·
1408 2762 1416 2777 2

78 2825 189 2915 laudata
208 2839 277 2902 est,
302 2851 399 2913 quum
423 2840 507 2893 esset
527 2842 673 2894 accusata
694 2841 725 2894 et
740 2831 921 2912 vituperata
937 2830 977 2899 ab
993 2829 1188 2893 Hortensio.
1231 2829 1296 2911 Qui
1311 2829 1411 2891 liber

31 2934 33 2937 ’
62 2940 159 3003 ·quum
181 2934 213 2986 et
233 2922 294 2985 tibi
316 2924 474 3005 probatus
497 2925 680 3002 videretur,
703 2936 735 2988 et
753 2922 810 2999 iis,
835 2944 917 3006 quos
941 2943 1004 3008 ego
1026 2943 1124 3006 posse
1142 2919 1284 2986 iudicare
1304 2923 1413 2985 arnt·
1562 2994 1567 3010 1

77 3024 186 3091 trater,
209 3016 308 3099 plura
322 3019 467 3101 suscepi,
492 3019 630 3096 veritus,
656 3041 694 3082 ne
710 3039 841 3083 movere
857 3017 1019 3082 homiuum
1038 3017 1139 3081 studia
1153 3017 1292 3091 viderer,
1315 3015 1412 3078 reti··
1505 3096 1508 3101 ἱ

78 3124 143 3194 nere
157 3130 220 3195 non
233 3131 332 3194 posse
341 3111 367 3176 ⁵.
413 3111 477 3194 Qui
493 3123 609 3195 alitem,
632 3113 659 3178 si
673 3114 809 3177 maxime
823 3113 909 3177 hoc⁶
923 3112 1058 3194 placeat,
1081 3110 1275 3177 moderatius
1290 3122 1395 3173 tamen
1408 3142 1411 3148 ·

77 3199 103 3264 id
121 3205 229 3268 volunt
249 3205 341 3282 fieri,
366 3205 528 3295 difficilem>
546 3210 703 3292 quandam
722 3206 961 3289 temperantiam
984 3206 1147 3289 postulant
1166 3203 1200 3268 iu
1219 3225 1277 3280 co,
1302 3205 1391 3287 quod
1412 3242 1416 3249 -

77 3297 159 3359 semel
174 3299 365 3362 admissum⁷
381 3301 528 3369 coerceri
537 3301 736 3385 reprimique
751 3321 815 3364 non
829 3311 957 3381 potest:
980 3312 1015 3362 ut
1028 3301 1262 3382 propemodum
1277 3297 1395 3360 iustio-
1409 3319 1424 3339 ν

76 3388 152 3453 rih'us
161 3403 288 3454 utamur
303 3392 376 3469 illis,
395 3393 449 3478 qui
465 3393 595 3460 omnino
610 3407 744 3470 avocent
758 3394 1004 3480 aphilosophia,
1023 3415 1118 3478 quam
1130 3392 1214 3467 hisi,
1231 3393 1393 3477 quirebus
1412 3430 1417 3439 =

76 3478 190 3555 infinitis
205 3489 337 3549 modum
353 3486 558 3563 constituant,
576 3489 718 3574 iureque
735 3509 774 3553 eo
791 3488 934 3566 meliore,
954 3486 1020 3572 quo
1036 3488 1138 3553 maior
1156 3486 1208 3564 sit,
1224 3485 1396 3551 mediocri·
1413 3522 1415 3529 ·
1457 3542 1461 3549 ..

77 3573 161 3639 tatem
177 3580 367 3644 desiderent.
412 3581 444 3643 3.
469 3581 545 3655 Sive
567 3582 649 3645 enim
662 3585 711 3645 -ad
730 3581 913 3664 sapientiam
929 3581 1092 3664 perveniri
1106 3591 1233 3664 potest:
1256 3601 1321 3644 non
1335 3600 1394 3662 pa·

31 3686 34 3755 )
75 3670 160 3733 reuda
173 3672 267 3746 nobis
280 3672 397 3737 solum⁹
411 3694 461 3751 ea,
471 3676 527 3737 sed
542 3675 677 3739 fruenda
688 3676 782 3739 etiam
795 3675 1009 3760 [sapientiam]
1020 3685 1087 3749 est3
1111 3675 1178 3739 sive
1187 3677 1253 3739 hoc
1267 3673 1393 3738 difficile

76 3774 132 3828 est:
154 3777 256 3831 tamen
271 3789 331 3832 neo
346 3772 458 3835 modus
471 3764 525 3833 'est
538 3771 620 3833 ullus
639 3769 850 3855 investigandi
865 3768 945 3845 reri,
963 3768 1025 3832 nisi
1039 3767 1217 3832 inveneris:
1242 3780 1283 3832 et«
1293 3788 1392 3851 quae-

77 3858 154 3922 rendi
167 3846 264 3927 detali
286 3860 475 3943 atiuturpis
490 3874 550 3939 est,
576 3885 673 3949 quum
692 3863 736 3937 id,
760 3865 848 3948 quand
867 3862 1050 3948 quaeritur,
1072 3861 1114 3924 sit
1127 3860 1391 3942 pulcherrimum.
1421 3858 1442 3909 f

77 3947 191 4016 Etenim
212 3955 242 4018 si
260 3882 478 4032 ielectamur,
509 3978 604 4059 quum
627 3956 815 4022 scribimus:
850 3957 920 4041 quis
941 3962 991 4019 ‘est
1012 3967 1076 4017 tam
1097 3953 1240 4032 invidus,
1271 3953 1327 4041 qui
1351 3956 1392 4016 ah

31 4046 33 4049 ’
78 4061 112 4127 eo
130 4067 186 4112 nos
207 4049 369 4113 abducat?
402 4050 450 4115 sin
471 4052 677 4117 laboramus:
711 4050 784 4137 quis
807 4062 871 4127 est,
892 4050 963 4136 vvqui
985 4048 1104 4113 alienae
1127 4050 1253 4113 modum
1275 4058 1401 4137 statuat.

78 4132 261 4219 industriae?
298 4138 402 4221 Nam,
431 4147 501 4211 ιιι11
524 4131 735 4209 Terentianus
759 4136 916 4210 Chremes
938 4165 1004 4209 non
1024 4143 1230 4220 inhumanus,
1257 4141 1312 4227 qui
1332 4161 1394 4205 no·
1483 4202 1500 4213 ,

78 4247 141 4296 tum
162 4234 301 4303 vicinum
322 4258 388 4302 non
410 4239 491 4313 vult,
1164 4234 1169 4241 ’

140 4365 176 4444 (¹)
194 4401 233 4414 -·
245 4370 288 4424 bia
301 4369 370 4429 ced.
388 4362 484 4447 proin,
505 4390 535 4427 ut
551 4373 640 4440 solet,
659 4375 696 4429 G.
734 4362 798 4429 Nou
818 4389 915 4427 temen
933 4377 1056 4446 recepit,
1073 4387 1104 4424 ut
1124 4376 1163 4425 ait
1186 4368 1252 4424 Sch.
1290 4367 1328 4444 (ἲ)
1347 4366 1395 4443 Sin
1421 4392 1425 4399 ·

75 4434 104 4491 Vi
119 4448 144 4497 1.
162 4449 208 4501 Br.
229 4448 264 4502 G.
284 4455 311 4503 2.
338 4445 452 4522 (sicque
472 4447 542 4514 C7d.
561 4448 605 4525 1.)
632 4473 669 4488 -
689 4447 720 4505 id
737 4467 795 4502 non
813 4457 874 4502 tem
898 4450 931 4503 L.
959 4476 999 4492 ···
1016 4465 1074 4519 non
1091 4445 1124 4499 td
1140 4454 1251 4499 taratrum
1269 4445 1301 4498 Ρ.
1320 4442 1393 4502 Lall.
1510 4506 1513 4512 ι

76 4537 106 4554 -
122 4533 174 4572 nen
191 4521 224 4575 id
241 4530 332 4576 totum
352 4523 402 4579 Cr.
416 4552 457 4568 ·-
476 4524 507 4579 id
524 4542 582 4591 non
600 4531 691 4589 totum
707 4524 752 4579 M.
772 4552 810 4569 -
826 4543 885 4578 non.
901 4524 933 4576 id
949 4531 1009 4576 tum
1024 4523 1147 4583 ,Marsua
1167 4523 1203 4583 D.
1216 4519 1295 4594 proh.
1309 4519 1393 4574 Ceus.
1413 4576 1419 4579 ,

76 4582 190 4665 heidelb.
234 4595 271 4672 (³)
289 4620 327 4657 ς
344 4603 374 4671 in
392 4616 509 4672 copon.
528 4602 560 4655 P.
579 4588 668 4669 Mart.
680 4600 735 4661 Cr.
755 4601 790 4654 V.
809 4602 845 4657 D.
890 4596 995 4675 (liz
1008 4596 1076 4669 plan.
1097 4616 1117 4650 a
1134 4597 1215 4650 nobis
1236 4591 1305 4649 cdd.
1326 4593 1393 4668 aliq.

76 4659 109 4729 (ὅ)
125 4695 159 4713 ·-
173 4689 283 4743 possem
300 4675 335 4741 Y.
373 4672 412 4743 (ὅ)
433 4693 472 4729 =
489 4674 540 4728 boe
559 4663 648 4730 κιαι)
658 4675 691 4728 L.
710 4674 795 4730 solus.
842 4674 880 4745 (⁷)
907 4690 971 4748 cum
992 4671 1063 4729 Cdd.
1081 4673 1125 4728 M.
1145 4673 1178 4727 L.
1198 4671 1233 4725 D.
1249 4668 1336 4742 seqq.
1355 4698 1396 4717 -
1424 4696 1426 4700 ·

76 4743 218 4798 venetiam
237 4754 351 4812 missum
370 4747 440 4804 cdd.
453 4751 546 4804 multi.
567 4752 599 4806 P.
614 4751 660 4804 Cr.
671 4753 703 4804 V.
717 4750 802 4806 Grnt.
819 4750 955 4822 -pemei
970 4753 1085 4824 miserem
1104 4742 1174 4802 Lall.
1192 4765 1226 4801 ex
1244 4745 1306 4799 aliis
1321 4743 1392 4801 Cdd.
1455 4790 1464 4802 .

77 4813 263 4889 (content,
276 4840 314 4889 Nut
334 4828 373 4878 ait
392 4824 473 4892 Era.)
511 4825 549 4893 (ἔ)
566 4850 603 4869 -
622 4831 658 4877 tn
677 4826 724 4884 Cr.
737 4830 771 4879 V.
789 4829 830 4882 M.
850 4827 884 4879 L.
903 4825 954 4880 D..
979 4823 1017 4892 (9)
1036 4841 1075 4877 =
1092 4824 1182 4876 sobam
1200 4821 1278 4874 nobis
1299 4819 1340 4877 M.
1359 4823 1392 4875 L.
1405 4830 1430 4865 μ’

78 4879 121 4955 (¹⁰)
147 4895 255 4973 miei·
273 4903 415 4971 sapientie
431 4890 499 4955 sum
518 4900 570 4966 Cd·
589 4898 696 4956 Eliensi
716 4900 759 4957 M.
778 4902 812 4956 L.
832 4890 917 4973 flyi-
955 4897 1091 4955 Defendit.
1106 4894 1210 4972 quC.
1230 4896 1274 4975 [J
1295 4914 1319 4952 v.
1339 4914 1394 4949 sa·-
1440 4912 1454 4933 ¹

48 4977 51 4981 '
75 4964 169 5026 Μία
187 4981 237 5027 est.
274 4974 335 5052 Del.
356 4989 505 5050 utrumqne
525 4976 591 5033 seh.
610 4983 638 5034 2.
677 4976 730 5049 (¹¹)
750 5002 785 5020 -·
802 4977 886 5048 Non,
908 4983 941 5029 ut
959 4994 973 5029 e
994 4971 1063 5030 cdd.
1084 4974 1152 5053 Reg.
1173 4972 1243 5039 Lali.
