3226 5488
564 442 925 512 acanuurcn..
1075 515 1086 523 ,
1310 451 1373 537 ιιι

49 589 170 666 artavis,
185 599 238 652 aut
248 609 328 675 quae
338 587 482 653 dolorem
490 587 627 670 peperit,
644 588 789 663 molesta,
809 597 1104 673 statuereneqneat.
1118 587 1373 675 Similiterqunm

49 686 115 748 albi
126 682 248 767 species
261 682 402 746 dnlc'isve
422 694 474 761 ιιιιῑ
495 682 589 745 odori
609 703 703 744 sensu
715 680 795 742 affici
809 702 843 741 se
855 681 998 758 affirmet,
1013 682 1105 745 lieet:
1127 682 1249 745 idenim
1261 706 1373 771 vertum

49 791 100 842 cst
122 791 153 842 et
174 778 219 842 illi
241 782 453 858 compertum.
498 777 622 839 Verum
638 776 783 838 albnmne
804 775 958 859 dulceque
982 788 1014 838 ct
1029 779 1163 840 odorum
1179 777 1219 840 sit
1234 780 1266 841 id
1285 781 1373 862 qum]

47 871 152 953 ipsum
173 870 328 952 perculit,
362 890 404 931 ne
424 873 590 946 decernat,
627 891 723 952 quum
747 887 805 928 nee
827 871 1089 949 comprehendat.
1148 870 1254 954 Igitur
1276 894 1373 956 quum
1456 934 1457 938 ,

49 964 236 1027 affectiones
258 975 290 1026 et
311 985 346 1025 se
367 963 453 1025 etid
474 985 491 1025 a
514 962 778 1046 quoefficiuntur
802 965 985 1037 ostendant,
1002 962 1009 1019 ἶ
1023 967 1062 1028 de
1091 965 1274 1068 sequidem
1296 966 1372 1047 ipsis
1408 1018 1413 1036 ,
1471 1034 1473 1045 ,

48 1079 114 1122 non
137 1058 348 1131 mentiuntur,
372 1078 481 1119 rerum
503 1069 595 1120 extra
618 1057 793 1138 positarum
817 1079 882 1121 non
906 1077 1038 1119 veraces
1060 1057 1163 1119 nrrntii
1186 1069 1271 1120 sunt.
1316 1058 1374 1124 Ci·
1455 1062 1457 1069 '

49 1153 175 1215 cero¹z
199 1196 214 1224 ,,
223 1150 321 1212 Aliud
342 1149 516 1230 (iudicium)
539 1148 809 1243 Cyrenaicorum,
835 1149 890 1237 qui
911 1162 1039 1233 practer
1060 1151 1277 1231 permotiones
1298 1151 1373 1214 inti·

49 1265 117 1306 mas
138 1243 218 1307 nihil
238 1244 350 1325 putant
370 1265 439 1307 esse
471 1244 611 1307 iiidiciil'
655 1246 700 1308 Et
729 1245 832 1310 alio
822 1269 853 1309 ιιι
883 1246 1001 1307 loco2:
1042 1243 1152 1323 „Quid
1190 1243 1373 1324 Cyrenaei?

48 1337 213 1401 Videntur
234 1337 360 1400 minime
381 1339 555 1420 contempti
570 1339 766 1420 philosophi
811 1339 857 1402 Hi
878 1348 996 1421 negant
1014 1358 1083 1399 esse
1098 1337 1269 1420 quidquam
1284 1343 1372 1424 quaed

47 1431 171 1513 percipi
192 1433 294 1513 possit
316 1432 533 1494 extrinsecus:
558 1453 595 1494 ea
616 1454 650 1495 se
672 1434 741 1495 sola
762 1432 950 1514 percipere,
975 1453 1055 1514 qnae
1070 1442 1157 1493 tactu
1171 1432 1281 1496 intimo
1298 1456 1371 1496 sen·

47 1526 145 1603 tiant,
186 1537 221 1587 ut
246 1527 394 1589 'dolorem
417 1538 448 1588 et
476 1522 690 1607 voluptatem:
725 1547 830 1610 neque
853 1547 887 1588 se
910 1545 974 1607 quio
997 1524 1073 1608 qnid
1095 1526 1206 1589 colore
1228 1538 1282 1598 aut
1304 1549 1371 1611 quo
1420 1576 1422 1581 -

49 1641 133 1684 sono
155 1619 213 1696 sit,
249 1621 347 1695 scire,
385 1622 441 1682 sed
471 1631 590 1682 tantum
619 1620 755 1694 sentire,
788 1618 869 1682 affici
890 1639 925 1681 se
947 1620 1083 1699 quodam
1105 1619 1236 1683 modo.”
1288 1621 1370 1684 Item

50 1713 146 1776 etiam
168 1716 206 1776 dc
227 1717 286 1776 hae
311 1714 561 1794 Cyrenaicorum
584 1711 738 1776 sententia
760 1710 875 1775 scribit
907 1710 1081 1774 Laie'rtius³
1113 1709 1146 1773 in
1175 1712 1393 1797 Aristippoa'

50 1809 106 1871 sed
128 1808 227 1871 multa
249 1808 409 1883 Sextusl,
434 1830 526 1890 quem
550 1807 696 1870 consulas
718 1807 805 1869 lieet.
850 1805 1042 1869 Plutarchus
1065 1804 1185 1886 optime
1205 1806 1290 1869 illam
1313 1829 1372 1871 ex·

48 1902 148 1985 plicat
171 1914 204 1964 et
224 1922 242 1964 a
265 1901 401 1965 Colotae
434 1901 587 1963 calumnia
609 1900 780 1964 defendit⁶.
820 1894 965 1964 Ἕκεινοι
993 1900 1029 1964 δὲ
1058 1897 1243 1982 (inquit)
1206 1925 1249 1966 τα
1271 1896 1385 1983 παθη
1452 1978 1455 1983 ¹

50 2000 107 2061 καὶ
126 1990 185 2070 τὰς
203 1996 392 2104 φαντασίας
408 1995 441 2060 έν
462 1989 576 2070 αὐτοῖς
589 1999 740 2073 τιθέντες
760 2016 819 2061 ουκ
841 1990 944 2059 ὤοντο
961 1988 1020 2072 τὴν
1039 1988 1105 2058 ἆπίι
1120 1989 1243 2060 τούτων
1262 1996 1373 2063 πίστιν
1434 2020 1436 2027 ι
1456 2018 1459 2031 ·

51 2079 135 2154 εἶναι
163 2090 284 2178 διαρκῆ
315 2084 397 2175 πρὸς
425 2084 485 2165 τὰς
523 2082 604 2201 ὑπὲρ
631 2090 694 2155 τῶν
728 2063 932 2198 πραγμάτων
962 2081 1252 2197 καταβεβαιώσεις.
1280 2083 1369 2155 3Ἀλλ

51 2173 160 2292 ὡσπερ
189 2183 222 2248 έν
244 2183 417 2272 πολιορκία
441 2182 504 2247 τῶν
533 2179 624 2259 ἐκτὸς
656 2178 857 2271 αποστιίντες
886 2176 932 2258 εἰς
959 2177 1002 2245 τὰ
1033 2175 1133 2261 ποίθη
1161 2183 1373 2249 κατέκλεισαν

50 2271 190 2383 αὐτούς,
210 2273 249 2341 τὸ
278 2277 516 2353 ΦΛΙΝΕΤΑΙ
532 2276 735 2361 τιθεμένοιθ,
759 2272 796 2342 τὸ
822 2262 854 2342 d'
871 2270 1008 2340 ΕΣΤΙ
1020 2269 1372 2384 προσαποφαινόμενοι

50 2370 208 2461 περὶτῶν
232 2364 343 2448 ἐκτός,
372 2368 494 2432 idest:
533 2367 622 2432 Illi
609 2390 692 2432 vcro
711 2392 807 2452 quum
831 2368 1016 2432 affectiones
1039 2379 1070 2430 et
1089 2369 1298 2450 phantasias
1289 2383 1372 2434 mtra

50 2487 84 2528 se
106 2465 196 2546 ipsos
218 2463 415 2547 posuissent,
440 2484 503 2526 non
525 2462 745 2527 existimarunt
766 2466 881 2528 horum
904 2462 1083 2526 testimonia
1106 2463 1180 2526 satis
1201 2464 1315 2526 idonea
1331 2468 1371 2528 ad

51 2559 238 2622 sententiam
268 2561 308 2622 de
330 2558 457 2621 rebus
446 2557 525 2640 apsis
546 2557 730 2621 ferendam:
769 2561 843 2632 sed,
878 2556 1009 2620 veluti
999 2578 1032 2618 ιιι
1055 2555 1238 2635 obsidione,
1270 2559 1370 2622 abiis

51 2666 134 2735 quae
164 2665 256 2716 extra
278 2652 429 2731 (moenia)
451 2664 542 2726 sunt,
576 2655 780 2726 recedentes,
817 2652 899 2714 intra
921 2649 1104 2712 affectiones
1127 2671 1160 2713 se
1181 2652 1270 2732 ipsos
1292 2672 1371 2715 con·

51 2748 228 2825 cluserunt,
260 2750 305 2811 de
326 2747 364 2810 iis
386 2768 465 2831 qnae
487 2757 577 2808 extra
598 2757 687 2822 sunt,
724 2745 858 2808 videtur
879 2746 1040 2819 dicentes,
1084 2755 1137 2808 est
1167 2762 1249 2811 vero
1271 2749 1309 2809 de
1330 2745 1369 2811 iis
1444 2732 1467 2761 ⁰

51 2863 134 2925 qnae
156 2854 228 2904 sunt
249 2843 349 2918 intra,
386 2841 586 2903 affirmantes.
641 2841 686 2902 Et
707 2841 814 2922 paullo
837 2852 929 2957 ppst:
965 2840 1208 2924 γλυκαίνεσθαι
1228 2834 1293 2928 γὰρ
1319 2842 1370 2905 λέ

49 2955 149 3018 γουσι
170 2940 225 3000 καὶ
236 2935 485 3045 πικραίνεσθαι
508 2938 562 2997 καὶ
584 2935 792 3045 φωτίζεσθαι
823 2937 879 2999 καὶ
899 2933 1136 3012 σκοτίζεσθαι,
1162 2932 1226 2997 τῶν
1246 2933 1371 2999 παθῶν

49 3022 177 3092 τούτων
190 3024 327 3095 έκιίστου
347 3024 406 3108 τὴν
424 3026 604 3136 ένέργιιαν4
626 3022 759 3093 οἰκείαν
760 3029 808 3092 έκ
834 3021 930 3093 ariaci
944 3031 999 3092 καὶ
1018 3021 1262 3144 απερίσπαρέον
1282 3025 1372 3135 ἔγον-

49 3130 133 3196 τος.Ι
156 3115 258 3187 Εἰδέ
244 3117 380 3207 ἑγλυκιι
400 3116 436 3185 τὸ
455 3123 549 3205 μέλι,
581 3124 637 3184 καὶ
658 3117 773 3210 πικρὸς
795 3116 813 3186 ὁ
836 3095 989 3198 θαλλός,
1010 3124 1065 3184 καὶ
1065 3114 1214 3229 ιλινγρίι
1220 3113 1241 3199 ἡ
1263 3117 1370 3206 γαλα-

50 3214 123 3293 ζα,“
130 3220 186 3280 καὶ
206 3209 379 3304 θερμὸς
361 3240 379 3281 ο
402 3211 547 3304 οίκρατος
559 3262 567 3291 ,
589 3218 645 3279 καὶ
670 3211 834 3293 σκοτεινὸς
862 3209 880 3279 ὁ
902 3214 960 3294 τῆς
975 3209 1097 3289 νυκτὸς
1110 3207 1181 3322 αὴρ
1197 3207 1261 3278 ὑπὸ
1286 3216 1370 3279 πολ

48 3309 125 3374 λῶν
138 3303 460 3419 αντιμαρτνρεῖσθαι
488 3312 543 3372 καὶ
572 3304 720 3395 θηρίων,
750 3313 805 3374 καὶ
831 3303 1050 3417 πραγμάτων,
1082 3311 1138 3370 καὶ
1162 3300 1369 3394 ανθρωπιιν,
1474 3324 1476 3331 ·

51 3401 184 3485 τανμέν
197 3398 511 3513 dpupepuwdutuff,
533 3402 645 3467 τῶνδὲ
631 3405 881 3486 ὲπροςιεμένιιν
889 3399 948 3482 τὴν
962 3400 1129 3478 θαλλίαν,
1149 3404 1205 3464 καὶ
1220 3395 1369 3465 ἀποκαο-

49 3496 154 3578 μένων
165 3490 228 3561 ὑπὸ
243 3497 301 3576 τῆς
311 3492 473 3584 χαλάζης,
494 3500 551 3561 καὶ
560 3500 845 3612 καταψυχομένων
857 3491 921 3562 ὑπὸ
935 3496 1042 3572 οἴνου,
1068 3490 1190 3560 καὶτὸν
1201 3484 1378 3581 littorum?

50 3584 298 3698 βλοαιττόντμν,
312 3594 368 3656 καὶ
362 3586 501 3700 νύκτωρ
515 3585 708 3673 βλεπόντων.
731 3582 1008 3709 ὅθενέμμένονοα
1021 3612 1090 3665 τοις
1065 3581 1274 3654 παθεσιν
1256 3614 1282 3669 η
1288 3583 1370 3668 δόξα

51 3677 244 3790 διατηρει·
211 3702 251 3746 το
261 3676 510 3772 ἀναμάρτητον,
531 3682 730 3778 ἐκβαίνουσα
742 3687 776 3750 δὲ
790 3708 846 3750 και
834 3682 1230 3792 πολυπραγμονονσα
1195 3682 1270 3748 τῶ
1252 3682 1370 3792 κρίνειν

50 3794 104 3839 και
94 3769 368 3885 αποςιαινεσθαι
379 3782 462 3886 περὶ
460 3800 523 3843 ταν
530 3801 638 3857 antec,
655 3773 759 3859 αὑτήν
771 3802 807 3844 τι
814 3771 973 3854 πολλακις
987 3771 1146 3866 ταράσσει
1161 3781 1217 3842 καὶ
1230 3770 1371 3885 μάχεται
1410 3816 1413 3833 ι

51 3862 666 3959 πρὸςέτέρουςαπὸτῶναύτῶνέναντία
677 3863 1370 3977 πσίθηκαὶδιαφόρουςφαντασίαςλαμβσί-

50 3985 169 4040 νοντας
169 3964 304 4051 ,idest
321 3964 558 4049 Namquedulm
570 3977 818 4049 gustuctamaro
830 3964 933 4039 affici
956 3975 987 4026 et
997 3963 1112 4027 lumine
1125 3974 1157 4027 et
1170 3964 1368 4046 tenerrsper
1434 4006 1446 4015 -

54 4056 127 4118 nelli
149 4078 182 4120 se
211 4058 316 4133 aiunt,
352 4082 447 4143 quum
469 4058 616 4125 videlicet
637 4060 748 4122 harum
771 4059 972 4123 affectionum
994 4058 1137 4142 singulae
1158 4079 1215 4121 sua
1235 4057 1367 4141 propria

52 4148 208 4214 evidentia
230 4153 379 4236 nullaque
401 4172 437 4215 re
465 4150 616 4234 impedita
637 4153 817 4217 consterit.
875 4152 997 4215 Verum
1019 4153 1109 4214 dulce
1132 4173 1200 4215 esse
1223 4152 1307 4226 mel,
1337 4163 1369 4216 et

53 4243 156 4307 olivae
175 4246 332 4307 termitem
354 4266 513 4321 amarum,
538 4257 570 4308 et
592 4246 962 4334 grandinemfrigidam,
986 4260 1018 4312 et
1039 4247 1173 4311 calidum
1194 4260 1364 4324 temetum,
1409 4298 1416 4311 ι

53 4348 83 4397 et
104 4340 276 4401 obscurum
299 4351 487 4402 nocturnum
509 4361 633 4415 aerem,
668 4340 838 4404 multorum
860 4354 922 4404 tani
945 4341 1122 4404 animalium
1145 4363 1237 4426 quam
1259 4363 1365 4403 rerum

52 4436 147 4516 atque
181 4433 342 4495 hominum
364 4432 555 4496 ⁴testimoniis
583 4432 765 4517 impugnari
800 4456 838 4497 ac
868 4433 993 4497 refellit
1032 4455 1127 4519 quum
1158 4435 1281 4516 quidam
1305 4435 1367 4498 mel

52 4531 263 4611 aversentur-,¹
294 4525 421 4611 qnidam
451 4527 648 4612 oleagineum
669 4549 790 4590 ramum
812 4529 924 4610 cupide
955 4540 1101 4614 gustent,
1139 4527 1191 4591 alii
1213 4529 1366 4613 grandine

51 4633 200 4699 urantur,
234 4623 466 4710 refrigerentur
488 4623 583 4698 vino,
614 4622 647 4685 in
669 4623 737 4687 sole
759 4623 954 4699 caecutiant,
977 4635 1075 4687 noctu
1096 4622 1232 4685 videant.
1278 4624 1367 4704 Qua·

125 4860 462 4939 (¹)1ntucuttoc.t.6
515 4867 586 4934 (2)
577 4885 606 4919 ιιι
627 4863 794 4920 luculloC.
816 4868 859 4924 24
911 4868 947 4935 (³)
967 4866 1028 4920 Lib.
1049 4871 1083 4932 2,
1104 4870 1149 4923 92
1202 4868 1239 4933 (¹⁵)
1259 4868 1318 4922 Lib.
1341 4874 1367 4925 7.

53 4935 127 4992 adl.
124 4939 253 5038 discipl
283 4959 347 5015 cap
375 4942 409 4994 tle
429 4947 549 4997 crucris
554 4942 635 4995 Stet.
653 4944 719 5001 494.
775 4941 813 5009 (⁵)
841 4941 902 4997 adv
921 4942 1370 5016 colot.p1120.(⁶)videtur

52 5009 159 5086 deesse,
179 5014 324 5098 περὶτῶν
343 5015 436 5082 enada.
477 5016 550 5086 (⁷)
534 5034 702 5097 εναργειαν.
742 5017 780 5085 (⁸)
799 5013 840 5075 τὸ
853 5015 943 5097 μέλι
969 5017 1009 5090 (⁹)
1029 5017 1072 5074 iel
1092 5017 1254 5094 efficientur.
