3252 5490
125 370 128 375 Δ
228 375 293 445 iso.
444 374 510 443 DE
533 376 717 441 FINIBUS
740 374 980 442 BONORVM
1001 376 1067 470 ET*
1086 375 1333 445 MALORUM

228 516 441 585 Fortitudinis
464 518 617 602 quaedam
647 528 819 600 praecepta
848 528 922 581 sttnt
951 516 994 581 ae'
1018 537 1118 601 paene
1139 517 1249 601 leges,
1284 536 1366 603 quae
1389 516 1537 581 effeminari

228 612 332 675 tirum
350 621 456 674 vetant
470 609 501 672 in
518 611 644 675 dolore.
689 611 908 691 Quamobrem
931 620 1024 693 turpe
1046 614 1220 693 putandum
1243 621 1319 697 est,
1334 631 1398 674 non
1414 610 1480 673 dico
1492 614 1537 673 do·

227 708 295 771 lere
328 715 411 786 inam
435 704 467 767 id
489 704 613 788 quidem
637 715 685 769 est
705 704 862 771 interdum
884 707 1050 784 uecesse,)
1081 707 1140 768 sed
1160 725 1272 767 saxum
1294 703 1372 769 illud
1393 703 1539 767 Lemnium

229 802 370 867 elamore
392 799 638 865 Philoctetaeo¹
658 799 848 885 funestaret

398 895 502 979 Quod
522 895 672 969 eiulatu,
695 907 837 978 questu,
860 894 1012 979 gemitu,
1023 890 1260 985 fremitibus’

377 988 608 1057 ,Resonando
629 988 803 1064 mutuum,
815 987 963 1083 flebiles
985 1010 1083 1055 voces
1104 984 1239 1077 refert.

230 1082 316 1147 Huic
339 1081 500 1164 Epicurus
522 1074 686 1166 coiuparet
707 1102 760 1159 se,
785 1081 813 1145 si
834 1094 961 1165 potest:

399 1177 464 1243 otti
484 1176 639 1261 viperino
661 1197 782 1240 morsu
802 1199 906 1241 venae
927 1178 1096 1241 viscerum
1157 1208 1160 1215 ⁴
1203 1234 1205 1243 .

400 1273 539 1336 Veneno
560 1272 711 1335 imbutae
731 1281 841 1335 tetros
861 1271 1037 1339 cruciatus
1058 1271 1186 1334 cientl·

229 1366 279 1431 sit
296 1364 456 1447 Epicurus
475 1365 697 1429 Philoctetae:
729 1364 787 1439 „si
806 1365 916 1449 gratis
942 1367 1057 1441 dolor,
1090 1363 1232 1427 brevis.''
1256 1397 1297 1407 -
1320 1364 1368 1427 At
1389 1364 1449 1428 iam
1474 1365 1541 1429 deei-

229 1481 312 1525 mum
334 1481 446 1522 anntun
462 1459 494 1522 in
509 1461 660 1542 spelunca
675 1459 773 1523 iacet!
799 1491 840 1502 -
863 1506 877 1532 ,‚
886 1459 921 1523 Si
934 1460 1072 1544 longus,
1097 1457 1196 1532 leriae
1219 1461 1272 1521 dat
1284 1459 1368 1523 euim
1383 1460 1538 1535 intervalla,

215 1565 259 1616 et
277 1551 435 1619 relaxat.'’
460 1553 513 1627 95,
538 1585 578 1596 -
601 1553 746 1617 Primum
769 1573 831 1617 non
855 1575 971 1636 saepe,
997 1552 1107 1616 deinde
1130 1574 1210 1637 quae
1233 1565 1280 1616 est
1299 1550 1361 1617 ista
1386 1553 1539 1624 relaxatio,

229 1669 324 1733 qutun
344 1660 375 1710 et
395 1646 562 1730 praeteriti
580 1647 702 1714 doloris
717 1647 868 1712 memoria
884 1669 996 1711 recens
1015 1656 1080 1721 est,
1105 1657 1136 1709 et
1148 1645 1249 1731 futuri
1265 1658 1361 1731 atque
1380 1646 1541 1729 impenden-

228 1742 268 1807 tis
287 1752 418 1826 torquet
446 1739 566 1805 timor?
589 1774 630 1786 -
654 1743 839 1817 Moriatur,
874 1743 987 1827 iuquit.
1011 1772 1052 1784 -
1075 1742 1229 1805 Fortasse
1247 1741 1279 1805 id
1299 1741 1471 1824 optimum,
1499 1741 1547 1805 sed.

227 1835 283 1898 ubi
294 1835 389 1910 illud,
408 1836 487 1900 Plus
502 1857 629 1920 semper
641 1835 839 1918 voluptatis?
862 1837 897 1900 si
913 1837 993 1899 enim
1008 1835 1053 1899 ita
1069 1848 1137 1910 est;
1162 1835 1235 1901 vide
1254 1858 1293 1898 ue
1312 1835 1436 1899 facinus
1452 1832 1539 1906 lacus,

213 1946 325 2013 ‘quum
341 1929 422 1993 mori
436 1932 582 1995 suadeas.
620 1931 735 1994 Potius
751 1948 834 2021 ergo
848 1933 902 1996 illa
918 1929 1074 2009 metatur,
1099 1939 1193 2010 turpe
1208 1930 1311 2004 esse⁵,
1336 1930 1402 1994 viri
1417 1947 1541 1994 noneste

229 2023 387 2087 debilitari
413 2025 565 2101 dotore⁶,
589 2025 716 2111 frangi,
747 2028 966 2102 succumbere.
1022 2025 1104 2087 Natu
1129 2026 1190 2087 ista
1218 2037 1344 2098 vestra,
1382 2024 1416 2087 Si
1433 2021 1540 2108 gravis,

230 2112 359 2181 lucris:
384 2118 410 2181 si
432 2119 569 2203 longus,
593 2120 690 2199 levis,
715 2122 852 2187 dictata⁷
874 2131 958 2187 sunt.
1004 2117 1162 2192 Virtutis,
1199 2117 1424 2201 magnitudinis
1449 2114 1539 2188 animi,

123 2298 128 2307 ι
228 2211 421 2295 patientiae,
445 2212 643 2278 fortitudinis
655 2215 805 2281 fomentis
823 2217 918 2281 dolor
934 2212 1075 2297 mitigari
1091 2213 1186 2277 solet.
1255 2276 1257 2281 .

248 2347 250 2350 >
316 2307 432 2371 XXX.
458 2298 514 2370 96.
537 2308 642 2385 Audi,
667 2331 706 2373 ue
721 2310 817 2396 longe
832 2311 963 2382 abeam,
988 2306 1125 2370 moriens
1141 2304 1218 2390 quid
1232 2305 1314 2369 diem
1325 2307 1501 2389 Epicurus:
1519 2313 1546 2371 ct,

230 2400 406 2484 inteiligei,
431 2399 515 2462 incia
533 2401 600 2465 eius
619 2425 691 2466 curn
713 2390 803 2468 dictis
826 2403 1019 2482 discrepare.
1063 2399 1239 2482 Epicurus
1268 2403 1482 2465 Hermarcho
1497 2395 1541 2461 S.⁹

230 2496 346 2578 Qtsttm
361 2515 564 2579 ageremus,
587 2496 712 2580 iuquit,
735 2495 824 2563 vitae
836 2498 991 2572 beatum,
1015 2506 1048 2557 et
1073 2494 1219 2557 eundem
1232 2515 1436 2576 supremum
1449 2496 1540 2563 diem,

100 2600 103 2615 ⁴
198 2656 201 2667 .
230 2587 462 2653 scribebamus
477 2591 571 2656 haee.
604 2591 711 2656 Tanti
724 2604 841 2655 autem
855 2591 1000 2659 aderant
1009 2588 1138 2652 vesicae
1150 2600 1184 2651 et
1197 2589 1390 2653 torminum
1404 2586 1542 2665 morbi¹⁰,

280 2783 283 2789 ¹
306 2775 344 2850 (¹)
370 2805 410 2820 -
436 2776 607 2829 Philocteteo
626 2780 660 2833 V.
680 2781 716 2834 D.
734 2784 780 2836 Br.
832 2778 870 2854 (²)
889 2779 927 2825 -'-
938 2777 1056 2849 fletibus
1075 2779 1218 2831 Hermann
1238 2778 1272 2830 de
1292 2778 1429 2853 Aeschyli
1445 2777 1543 2831 Philoct.
1581 2767 1584 2776 '

210 2868 257 2924 .p.
281 2857 323 2908 12.
345 2849 382 2924 (³)
403 2881 439 2894 ·-
458 2854 572 2904 multum
593 2853 663 2909 edd.
684 2855 748 2928 aliq.
769 2858 850 2913 Grut.
870 2857 931 2920 Bu,
952 2870 982 2908 ut
1001 2851 1088 2911 Wolf
1106 2858 1134 2906 in
1155 2852 1266 2907 Tuscul.
1287 2860 1314 2923 2,
1335 2859 1360 2924 §-
1376 2861 1420 2916 55.
1447 2854 1480 2922 (4)
1493 2852 1542 2906 Non

63 2922 65 2931 ¹
170 2944 175 2961 ¹
229 2941 272 2982 sst
293 2926 377 2992 haee,
397 2941 427 2980 ut
448 2946 544 2982 omnes
566 2935 661 2997 aiunt,
688 2932 810 2985 Manutii
830 2929 867 2996 i.
887 2928 1057 2983 sed·habent
1078 2933 1119 2982 sic
1134 2929 1209 2983 Crat.
1230 2929 1329 2996 Herm,
1351 2947 1380 2984 et
1400 2946 1480 3005 parvo
1492 2942 1542 2980 cum

230 3002 393 3057 discrimine
413 3007 468 3055 iam
488 3005 519 3059 P.
541 3007 624 3064 tiso.
644 3006 706 3060 seii.
723 3016 866 3080 comparet
890 3023 920 3058 se
940 3014 969 3057 et
987 3009 1013 3055 si
1027 3013 1150 3077 potest.,·
1182 3020 1242 3057 tum
1261 3005 1303 3058 M.
1322 3006 1356 3059 L.
1379 3009 1459 3062 Grut.
1476 3005 1506 3057 D.
1523 3011 1542 3058 i·

229 3079 287 3141 Ba,
306 3082 353 3149 qui
373 3075 506 3132 defendit.
532 3080 591 3151 Ego
612 3096 706 3137 tamen
726 3083 818 3157 paullo
838 3082 919 3136 aliter
939 3087 1082 3153 interpret,
1104 3096 1218 3133 censeo:
1248 3081 1400 3153 „Agedum
1415 3080 1543 3156 paullisper

229 3150 367 3225 Epicurus
387 3157 416 3205 iu
429 3155 609 3209 Philoctetae
630 3158 913 3212 summis'doloribus
934 3161 1058 3231 oppressi
1077 3156 1170 3208 locum
1190 3173 1250 3209 sese
1277 3156 1426 3213 transierat
1444 3160 1543 3228 cogitet·

230 3246 282 3300 que
304 3229 455 3281 esseillius
476 3246 622 3283 aerumnas
643 3239 765 3308 perpeti,
792 3238 815 3288 si
837 3249 943 3307 potest,
963 3231 991 3286 id
1011 3246 1068 3296 est,
1097 3237 1123 3284 si
1144 3247 1239 3285 tamen
1258 3231 1326 3284 adeo
1345 3232 1428 3288 fortis
1454 3242 1542 3296 est,ut

200 3307 206 3321 “
229 3304 272 3363 rel
293 3307 383 3376 ipsam
404 3309 476 3378 hane
496 3310 695 3376 cogitationem
714 3328 772 3362 non
795 3306 965 3363 reformidet.
999 3309 1042 3360 Sit
1062 3312 1147 3380 igitur
1165 3306 1304 3379 Epicurus
1323 3307 1477 3363 Philocteta
1494 3313 1543 3371 (ηο-

229 3377 386 3453 minativ.):
408 3380 542 3452 fingamus
562 3382 713 3455 Epicurum
733 3383 935 3439 eodemmodo
955 3385 1109 3437 excruciari
1130 3398 1161 3434 ae
1183 3384 1389 3438 Philoctetam:
1408 3383 1543 3437 videamus-

229 3473 298 3527 que,
319 3471 453 3527 quantum
484 3458 592 3511 valeant
619 3475 678 3514 tum
698 3457 733 3513 ad
758 3466 850 3533 ipsum
880 3459 1114 3532 tranquillandum
1133 3462 1340 3532 sapientissima
1361 3462 1409 3513 iila
1429 3452 1542 3512 dictata.”

230 3532 277 3584 Sic
297 3535 393 3583 omnia
413 3547 480 3584 sana
500 3548 526 3584 et
546 3530 651 3589 facilia.
700 3536 827 3590 Turbant
848 3535 917 3590 Cdd.
939 3542 968 3591 in
988 3533 1142 3607 prioribus:
1168 3533 1308 3607 plerique:
1335 3537 1410 3587 Huic
1426 3528 1543 3605 Epicurus

229 3614 436 3677 competenter,
466 3614 494 3658 et
522 3613 547 3659 si
566 3618 679 3685 potest,
704 3616 803 3683 'sieque
829 3612 1008 3676 Bazalerins,
1037 3611 1078 3669 iu.
1100 3613 1131 3663 V.
1151 3640 1189 3652 —-
1207 3610 1281 3661 Huic
1299 3609 1453 3683 Epicurus,
1482 3615 1506 3658 et
1523 3607 1542 3653 εἰ

226 3689 322 3752 potest
349 3682 405 3736 Pal.
425 3678 483 3754 pul
518 3683 590 3736 unde
617 3685 651 3740 G,
682 3688 715 3740 de
736 3687 830 3741 Rathii
852 3691 1009 3741 sententia:
1035 3713 1073 3728 -
1091 3684 1164 3736 Huic
1183 3684 1338 3756 Epicurus,
1359 3692 1386 3738 si
1401 3692 1498 3759 potest.
1514 3702 1547 3722 -’

229 3758 303 3809 Huic
321 3759 412 3827 igitur
432 3760 599 3832 simpliciter
619 3761 684 3816 Sch.
705 3771 730 3820 2.
752 3761 781 3819 E.
800 3791 839 3806 -
857 3764 931 3815 Huic
948 3762 1001 3834 Ep.
1021 3766 1227 3830 compatiatur,
1247 3766 1273 3812 si
1288 3770 1384 3834 potest
1401 3760 1468 3815 Lali.
1483 3771 1541 3827 susp-

229 3836 392 3902 neutiquam
418 3833 571 3901 Cicerone,
604 3837 651 3891 sed
682 3839 856 3893 Tertulliano
886 3836 981 3911 digna.
1016 3838 1071 3889 Pro
1096 3841 1141 3887 cui
1165 3837 1278 3911 Rachle
1307 3837 1390 3893 Tute.
1420 3843 1451 3902 2,
1469 3839 1489 3904 i·
1508 3836 1542 3889 it·
1590 3874 1591 3911 ,

229 3904 339 3960 volebat
359 3926 440 3980 quum
460 3928 474 3959 e
494 3914 551 3981 trip.
578 3912 611 3963 ln
631 3933 725 3988 seqq:
746 3944 783 3960 -ι,
802 3920 842 3965 sic
854 3913 991 3987 Epicurus
1003 3909 1173 3964 Philoctetae
1186 3930 1200 3964 e
1213 3910 1283 3970 C2d.
1296 3928 1324 3966 et
1336 3916 1406 3969 Ven.
1421 3912 1496 3970 1494·
1507 3906 1542 3963 Gn
1590 3922 1591 3955 t

210 3996 260 4048 ¹ut
290 3978 319 4037 (i.
349 3986 410 4047 liu,
440 3989 492 4037 etsi
519 3985 574 4038 alio
601 4006 693 4045 sensu.
732 3986 786 4043 Sed
806 3994 890 4042 nimis
911 3989 971 4042 hiat
992 3992 1167 4055 copstrnctio
1187 3993 1260 4040 inter
1279 3988 1349 4041 haee
1369 4006 1397 4044 et
1417 3978 1540 4063 praeeedd.

229 4087 265 4102 -
286 4056 363 4108 dicat
394 4057 549 4135 Epicurus:
557 4062 571 4088 '’
600 4064 758 4118 Philocteta
787 4070 903 4132 (vocat.)
930 4065 996 4117 Sch.
1023 4066 1049 4118 2.
1070 4060 1099 4116 (l.
1138 4062 1269 4116 Ceterum
1289 4065 1372 4138 longe
1391 4061 1540 4136 ingeniosius

229 4148 257 4187 et
277 4150 338 4185 vere
363 4131 482 4188 fortasse
509 4137 541 4190 L.
574 4138 676 4194 edidit:
708 4157 746 4194 oo
760 4143 819 4210 ,Str
841 4139 994 4212 Epicureus
1016 4137 1180 4191 Philocteta.
1219 4134 1539 4206 (perreuerentes.

228 4210 328 4281 Margo
360 4209 436 4265 Crat.
465 4217 542 4275 (nam
572 4222 784 4273 notam'variae
809 4216 874 4269 lect.
899 4220 979 4288 ponit
1008 4229 1072 4267 ante
1090 4218 1155 4265 viro
1175 4213 1325 4289 vulgatae.)
1345 4215 1424 4289 prob.
1442 4212 1474 4265 D.
1491 4223 1539 4261 ete

195 4344 200 4351 ,
228 4285 277 4342 Cd.
299 4288 384 4359 Regio
411 4287 479 4341 Lall.
504 4319 543 4333 -ι
567 4298 658 4364 turpe,
687 4298 747 4343 viri
773 4310 829 4343 non
854 4307 913 4341 erse
946 4288 1014 4343 (ldd.
1036 4289 1157 4362 Pelqpr.
1178 4289 1250 4362 Spir.
1270 4291 1326 4344 tiri.
1348 4290 1388 4365 (et
1408 4302 1496 4343 omnes
1512 4281 1540 4334 G·

226 4360 297 4417 Cdd.
319 4368 400 4429 ciri.)
427 4379 465 4415 so
491 4370 551 4416 ciri
577 4385 634 4418 unu
659 4387 717 4420 esse
742 4369 784 4421 El.
805 4385 859 4421 seo.
880 4367 915 4420 G.
937 4366 1006 4443 (om.
1026 4372 1108 4436 turpe
1127 4371 1199 4432 esse)
1225 4370 1320 4437 sieque
1340 4385 1354 4420 e
1375 4369 1461 4437 Marg.
1478 4361 1539 4413 Crat.

226 4436 410 4511 proculdubio
441 4457 498 4493 nott
528 4448 595 4495 setis
623 4443 782 4510 intellecta,
803 4440 1146 4514 quosdam'iegereno‘tet
1167 4442 1227 4494 Mo.
1248 4451 1387 4514 -turpe
1411 4446 1538 4504 cirolestt
1590 4488 1591 4515 ,

226 4515 257 4571 P.
279 4516 309 4567 V.
331 4517 373 4568 M.
391 4515 425 4567 L.
439 4516 480 4568 D.
504 4520 594 4572 i.·Br.
615 4525 641 4573 2.
681 4517 720 4593 (⁶)
738 4548 777 4561 -
795 4519 955 4581 debilitari,
982 4516 1076 4567 dolere
1097 4521 1129 4570 V.
1169 4517 1207 4583 (7)
1229 4544 1265 4558 -·
1284 4516 1392 4571 dictata
1410 4515 1538 4567 strutoir-
1590 4524 1591 4531 ¹

224 4596 312 4647 tutior
341 4608 439 4659 tnagis.
460 4590 605 4659 Ridicule,
638 4608 669 4647 nt
690 4594 798 4648 volebat
824 4594 920 4660 Grac,
940 4592 1115 4663 distinguunt
1134 4590 1228 4643 Batai.
1250 4595 1291 4645 Iu.
1310 4625 1348 4638 -
1367 4586 1537 4645 disteterunt

223 4683 308 4737 saepe
333 4667 486 4718 &cantata
506 4666 589 4720 dubia
609 4655 809 4743 Moserisnsp.
835 4689 861 4740 p.
882 4673 909 4727 9.
958 4669 999 4734 (3)
1019 4682 1057 4718 w
1076 4675 1109 4717 ut
1127 4667 1308 4735 intelligere
1330 4670 1385 4723 Pal.
1405 4687 1445 4741 pr.
1463 4665 1493 4716 D.
1508 4671 1537 4709 ti

224 4751 254 4794 ei
280 4743 422 4812 intelliges
450 4742 528 4803 O‘2u.¹
574 4742 613 4813 (9)
634 4744 681 4797 Sic
700 4746 741 4799 lu,
765 4745 799 4803 G,
822 4750 847 4798 2.
867 4774 906 4787 --
924 4740 1083 4793 Hermarcho
1111 4742 1141 4794 S.
1168 4744 1271 4799 Ceteri.
1292 4773 1328 4787 -
1347 4745 1483 4798 Idomeneo
1500 4736 1536 4783 Vll

223 4815 260 4871 D.
284 4819 315 4869 in
342 4833 429 4895 marg.
456 4817 552 4872 Lamb.
583 4837 677 4888 meae,
706 4839 720 4871 e
748 4822 860 4875 La'e'rtio
881 4829 931 4882 io,
959 4825 1006 4875 22.
1026 4833 1063 4869 oo
1082 4817 1214 4891 inscript.
1239 4816 1292 4872 del.
1322 4819 1448 4874 censebat
1470 4807 1534 4866 tath-

192 4938 195 4941 .
225 4891 350 4967 (¹⁰)‘Sie
369 4891 451 4947 add.
479 4893 560 4964 sitq,
595 4898 681 4950 etiam
707 4897 767 4950 Mo.
795 4897 830 4948 G.
851 4903 877 4950 2.
896 4913 935 4947 =
953 4892 1042 4946 morbi
1061 4891 1184 4945 aderant
1202 4913 1230 4948 ν.
1250 4904 1281 4947 et
1299 4902 1445 4961 torminum
1462 4889 1489 4942 V·
1505 4907 1534 4925 ··

223 4948 380 5039 merimuth
400 4986 429 5019 tr.
450 4975 478 5017 et
496 4974 638 5021 uiscerum
658 4974 686 5028 P.
707 4975 752 5027 Cr.
773 4972 814 5030 M.
834 4973 864 5025 L.
885 4971 920 5022 D.
943 4976 969 5026 1.
989 4969 1035 5021 Br.

711 5067 724 5093 C
