3252 5490
201 400 279 473 us
351 452 359 459 .
439 398 501 475 ns
524 396 712 467 smmos
735 399 971 470 oonouom
994 400 1061 470 nc
1080 350 1354 469 MALORUM·

220 541 350 604 lentium
358 542 383 617 ²,
409 550 444 606 ut
461 539 579 623 Stoici,
604 561 662 604 nec
678 562 750 606 ossa
766 539 968 616 nudantinm3
990 540 1047 607 sed
1067 560 1198 616 eornm,
1224 536 1278 624 qni
1289 537 1430 624 ,grandia
1445 547 1545 602 ornate

219 635 357 708 vellent,
376 633 539 697 enucleate
558 633 679 697 minora
695 633 813 698 diecre.
847 634 963 718 ltaque
982 655 1063 720 quae
1079 645 1152 698 sunt
1170 654 1282 698 eornm
1298 625 1545 698 consolationes!

186 758 192 763 ·
222 726 304 812 quae
328 726 609 793 cohortationes⁹l
633 749 713 811 quae
736 727 830 792 etiam
850 727 972 790 monite
989 739 1021 791 et
1041 726 1192 802 consilia,
1216 725 1395 809 scriptaad
1417 747 1547 798 summos

218 822 331 893 virosi
365 822 447 883 Erat
468 821 554 885 enim
572 823 655 905 apud
677 841 753 897 eos,
787 831 824 883 ut
844 829 893 882 est
914 841 1021 884 rerum
1040 822 1179 904 ipsarum
1202 832 1333 895 natura,
1365 818 1414 885 sic
1436 818 1548 882 dicendi

220 916 410 981 exercitatio
440 915 571 998 duplex.
627 915 709 978 Nam
746 912 901 1013 quidquid
946 914 1126 999 quaerimur,
1162 912 1194 976 id
1223 915 1321 976 habet
1346 924 1402 975 aut
1430 913 1547 996 generis

220 1006 322 1092 ipsius
337 1008 408 1071 'sine
430 1009 575 1091 personis
598 1008 882 1092 temporibusque,
907 1018 961 1069 ant
977 1007 1048 1070 bis³
1070 1005 1243 1080 adiunctis,
1268 1005 1363 1080 iacti,
1388 1015 1445 1067 ent
1465 1004 1545 1079 iuris,

221 1112 274 1164 aut
307 1092 441 1166 nominis
472 1101 741 1167 controversiam.
800 1101 895 1185 Ergo
924 1100 957 1163 in
990 1114 1129 1186 utroque
1164 1103 1442 1164 exercebanturz»
1460 1118 1548 1182 eaque

219 1194 387 1276 disciplina,
411 1194 518 1258 effecit
553 1206 672 1258 tantam
704 1195 834 1269 illorum
865 1205 1003 1279 utroque
1037 1198 1068 1258 in
1102 1216 1222 1281 genere
1254 1192 1382 1256 dicendi
1416 1191 1548 1274 copiam.

219 1292 251 1351 i.
275 1291 394 1354 Totum
418 1309 519 1372 genus
541 1287 605 1353 hoc
629 1298 660 1350 et
684 1288 795 1363 Zeno,
820 1299 851 1349 et
870 1288 910 1349 ab
934 1307 975 1351 eo
996 1288 1052 1374 qui
1071 1290 1176 1364 sunto,
1202 1299 1337 1351 autnon
1356 1293 1546 1367 potuerunt,

219 1394 274 1446 aut
295 1382 486 1458 noluerunt,
511 1395 598 1445 certe
616 1382 826 1466 reliquerunt.
872 1381 1072 1466 Quamquam
1092 1383 1221 1465 scripsit
1241 1393 1340 1453 artem
1358 1378 1549 1442 rhetoricam

219 1472 411 1550 Cleanthes,
437 1474 643 1559 Chrysippus
666 1476 779 1551 etiam;
802 1478 860 1538 sed
881 1474 949 1552 sic,
973 1489 1026 1555 ut,
1051 1479 1078 1539 si
1100 1475 1171 1562 quis
1194 1478 1420 1539 obmutescere
1436 1489 1550 1534 coneu-

188 1618 192 1624 .
216 1569 329 1652 pierit,
354 1567 434 1633 nihil
455 1570 539 1633 aliud
558 1570 671 1652 legere
694 1569 820 1631 debeat.
880 1571 993 1655 Itaque
1015 1569 1122 1644 vides,
1154 1570 1339 1653 quomodo
1363 1567 1546 1650 loquantur.

215 1664 314 1729 Nova
329 1664 429 1725 verba
443 1663 588 1748 fingunt:
608 1655 763 1744 'deserunt
783 1661 911 1725 usitata.
930 1696 971 1710 -
986 1665 1031 1726 At
1053 1673 1170 1747 quanta
1193 1660 1369 1725 conatur⁵i
1392 1661 1543 1721 mundum

112 1814 117 1827 ,
138 1805 145 1828 ,
213 1757 299 1820 hunc
314 1766 439 1825 omnem
455 1758 606 1839 oppidum
622 1776 691 1820 esse
706 1760 870 1820 nostrum!
888 1786 928 1799 ·-
951 1757 1085 1833 videet,
1110 1767 1258 1840 quantam
1272 1775 1341 1818 rem
1358 1752 1480 1836 agat⁷z
1504 1761 1544 1825 nt,

216 1849 369 1915 Circeiis'
383 1849 439 1938 qui
466 1850 603 1927 habitet,
637 1860 741 1914 totum
762 1850 847 1912 lumc
868 1852 1017 1913 mundum
1039 1872 1128 1913 suum
1152 1849 1357 1931 otttnicipium
1379 1867 1457 1908 esse
1481 1843 1545 1921 exi,

130 1998 133 2003 ⁴
182 2021 185 2027 ,
216 1943 388 2008 stimet.-
410 1944 555 2007 Incendit
568 1944 672 2029 igitur
683 1964 761 2018 eos,
786 1942 842 2025 qni
853 1942 1016 2007 audiunt⁸.
1040 1979 1083 1990 -
1101 1928 1212 2023 Quid?
1230 1938 1547 2005 itteincendatttte·

103 3574 105 3581 ι
213 3545 285 3611 tur3
308 3538 382 3601 item

216 2039 357 2123 stinguet
372 2039 484 2115 citius,
501 2038 527 2102 si
543 2043 703 2102 ardentem
719 2036 894 2118 acceperit.
916 2037 983 2100 Ista
997 2037 1084 2120 ipsa,
1102 2054 1185 2122 quae
1202 2047 1237 2098 tu
1251 2035 1409 2109 breviter,
1426 2052 1545 2117 regem,

116 2206 122 2215 s
217 2132 425 2209 dictatorem,
450 2132 578 2197 divitem
600 2134 703 2194 solum
723 2151 792 2194 esse
811 2130 1003 2217 sapient'em3
1028 2142 1092 2194 ate
1106 2129 1233 2213 quidem
1248 2139 1321 2212 apte
1336 2149 1378 2217 ac
1388 2129 1546 2190 rotunde:

150 2294 152 2299 ,
216 2225 358 2309 quippe3
381 2227 478 2288 babes
501 2225 584 2289 enim
606 2246 623 2290 a
644 2224 841 2297 rhetoribus.
899 2225 1035 2289 Illorum
1056 2244 1137 2290 vero
1158 2225 1219 2287 ista
1242 2223 1313 2306 ipsa
1334 2242 1431 2306 qnam
1455 2219 1549 2284 exilia

216 2321 255 2382 de
284 2319 412 2387 'virtutis
442 2317 492 2383 vi!
529 2340 623 2406 wem
651 2331 768 2382 tantam
799 2318 912 2381 volunt
942 2339 1029 2395 esse,
1069 2331 1104 2382 ut
1133 2322 1263 2381 beatum
1285 2330 1401 2399 perfec
1425 2314 1547 2378 efficere

216 2414 332 2496 possit.
388 2415 562 2498 Pnngunt,
593 2413 684 2498 quasi
705 2412 841 2489 aculeis,
872 2412 1189 2499 interrogatiunculis
1212 2411 1374 2496 angustis3
1412 2408 1545 2492 quibus,

200 2506 313 2572 'etism
334 2507 390 2592 qui
411 2508 644 2586 assentiuntur,
670 2507 749 2570 nihii
763 2516 1004 2571 commntantur
1026 2507 1152 2582 animo,
1176 2516 1208 2570 et
1222 2505 1317 2568 iidem
1332 2505 1471 2577 abeunt,
1496 2500 1547 2584 qni

220 2611 394 2666 venerant:
415 2612 483 2666 'res
506 2600 589 2664 enim
610 2602 748 2666 fortasse
770 2621 886 2678 verae,
917 2612 1004 2666 certe
1025 2623 1164 2688 graves,
1196 2602 1328 2665 nonita
1349 2608 1546 2673 tractantur,

215 2688 257 2756 uf
273 2696 405 2771 debent,
431 2699 486 2759 sed
507 2695 673 2782 aliquanto,
691 2695 853 2760 minutius.
1148 2688 1153 2698 ’

301 2789 367 2856 IV.
392 2790 424 2854 8.
455 2790 608 2877 Sequitur
637 2789 811 2854 disserendi
838 2792 922 2857 ratio
953 2789 1160 2878 cognitioque
1195 2797 1339 2853 naturae.
1394 2784 1482 2846 Nam
1510 2785 1551 2849 de.

213 2881 340 2947 summo
362 2885 450 2948 bono
473 2878 572 2955 mox',
597 2894 632 2946 ut
654 2882 738 2958 dixi,
764 2883 960 2964 videbimus,
992 2897 1024 2950 et
1046 2888 1086 2949 ad
1107 2887 1139 2948 id
1160 2880 1382 2965 explicandum
1406 2878 1547 2960 disputa-

215 2974 336 3040 tionem
359 2998 484 3042 omnem
508 2977 723 3041 conferemus.
767 2979 805 3041 Io
827 2979 888 3041 iiso
909 2979 1009 3065 igitur
1030 2980 1174 3063 partibus
1196 2976 1352 3040 duabus¹⁰
1371 2971 1453 3034 nihil
1467 2982 1545 3045 erat,

175 3089 179 3095 ·
217 3071 306 3152 quod
329 3070 421 3134 Zeno
434 3083 639 3159 ¹commutare
662 3070 811 3156 gestiret.
856 3075 921 3140 Res
941 3076 1022 3138 enim
1037 3074 1254 3157 praeclare-se
1269 3070 1413 3141 habent,¹
1431 3079 1465 3127 et
1480 3063 1546 3148 qni·

216 3164 287 3226 dem
310 3163 341 3228 in
364 3175 499 3246 utraque
521 3175 626 3247 porte.
671 3165 757 3245 Quid
778 3167 859 3230 enim
882 3171 922 3231 ab
944 3169 1081 3252 antiquis
1103 3187 1206 3231 exeo
1230 3180 1368 3248 genere,
1399 3159 1546 3241 quodsi

215 3254 431 3321 disserendum
446 3258 550 3332 valet,
574 3258 832 3339 praetermissum
844 3262 917 3325 est?
940 3264 995 3348 qni
1010 3276 1042 3326 et
1056 3262 1244 3325 definierunt
1260 3255 1417 3340 plurima,
1442 3266 1476 3315 et
1493 3254 1547 3314 de·

214 3348 346 3413 liniendi
368 3363 453 3414 artes
476 3353 692 3433 reliquerunt:
717 3356 868 3440 quodque
891 3369 940 3420 est
961 3355 1139 3420 definitioni
1161 3356 1358 3424 adiunctum,
1381 3359 1419 3410 ut
1440 3345 1545 3410 resin

213 3456 322 3525 partes
338 3445 514 3600 diviqatur,
538 3446 571 3507 id
585 3458 615 3509 et
630 3447 667 3509 fit
682 3450 721 3509 ab
736 3448 816 3523 illis,
832 3460 882 3526 et,
900 3451 1161 3534 quemadmodum
1176 3446 1246 3510 fieri
1259 3451 1434 3527 oporteat,
1451 3438 1545 3502 tradi·

429 3560 447 3602 e
469 3540 656 3615 contrariis3
680 3563 697 3604 a
723 3542 838 3625 quibus
861 3547 902 3606 ad
925 3563 1044 3629 genera
1064 3542 1251 3623 formasque
1274 3558 1427 3623 generum
1452 3555 1545 3601 vene·

196 3632 335 3781 Ut&
379 3632 449 3695 Iam
471 3634 649 3718 argumenti
671 3636 797 3699 ratione
816 3638 959 3703 conclusi
974 3648 1070 3721 caput
1085 3637 1189 3700 esse¹²
1211 3634 1402 3721 faciuntea,
1429 3629 1544 3715 quoe¹³

234 3854 249 3884 ,·
290 3826 329 3890 (¹)
349 3826 381 3878 ln
399 3825 463 3878 loco
483 3823 629 3899 desperato
649 3845 758 3894 secutos
777 3848 839 3884 sum
857 3831 1051 3886 Heinricbium
1071 3820 1210 3906 eleganter
1229 3835 1270 3884 ste
1290 3828 1336 3895 G,
1355 3827 1436 3901 prob.
1450 3831 1544 3883 Belem

213 3896 249 3951 od
275 3899 420 3968 droam
447 3901 544 3955 Orott·
571 3921 598 3975 P·
626 3906 689 3981 162.
710 3936 747 3953 -
770 3906 806 3959 de
824 3914 1028 3979 temperantias
1059 3926 1109 3960 mec
1128 3924 1205 3960 more
1224 3906 1365 3959 homimem
1381 3905 1545 3956 vellentimo

212 3980 310 4047 ,spinas
329 3976 416 4029 Mara.
437 3975 472 4029 G.
495 3984 521 4032 2.
547 3979 623 4033 Haec
643 3996 751 4051 quoque
771 3980 801 4036 C.
821 3980 946 4052 videtur,
964 4003 1022 4036 non
1041 3983 1111 4038 Cdd.
1130 3983 1225 4037 lectio.
1243 4011 1285 4025 -
1300 3981 1543 4051 distemperantia,

212 4053 247 4105 ds
264 4049 445 4123 fortitudine
470 4050 612 4104 hominum
630 4054 662 4109 de
681 4060 778 4127 ,spinas
797 4055 843 4131 (ds
862 4064 952 4130 spinis
969 4061 999 4113 P.
1020 4060 1052 4112 V.
1072 4059 1129 4124 M.)
1149 4057 1219 4112 cdd.
1237 4056 1308 4110 Edd.
1329 4071 1439 4129 praeter
1460 4057 1545 4108 Mars.

189 4198 192 4208 1
212 4127 249 4181 G·
271 4133 297 4183 2.
317 4142 345 4179 et
365 4126 414 4191 ln,
435 4132 481 4198 qui
502 4125 547 4184 G:
567 4157 605 4170 -·
623 4128 657 4181 de
676 4139 775 4202 temp„
793 4133 866 4204 quod
884 4144 948 4186 erat
966 4134 1107 4187 hominum
1125 4152 1184 4186 non
1203 4132 1236 4185 de
1255 4136 1346 4194 spinis
1364 4135 1436 4198 (non
1452 4137 1546 4203 spinas

208 4206 242 4255 in
257 4197 348 4257 'Curit
373 4207 490 4273 poster.)
515 4203 695 4270 vellentium,
728 4225 777 4260 nso
802 4226 869 4259 ossa
888 4209 1072 4275 sudantium,
1102 4218 1134 4260 ut
1152 4210 1250 4263 Stoici.
1271 4236 1307 4250 ·-
1327 4206 1361 4259 de
1381 4214 1488 4277 temp„
1515 4205 1545 4255 de

210 4282 286 4330 omni
304 4281 431 4342 virescis,
451 4295 509 4330 non
526 4277 667 4332 hominum
685 4299 764 4334 more
782 4288 881 4354 spinas
897 4285 966 4342 vell.
986 4285 1019 4337 de
1043 4289 1148 4338 Davisii
1168 4302 1242 4356 susp.
1261 4282 1331 4336 Lali.
1376 4279 1415 4356 (²)
1434 4299 1548 4334 -⁴om.

209 4372 281 4424 qooo
300 4351 510 4406 cohortationes
529 4353 595 4409 seh.
615 4361 643 4412 2.
664 4373 717 4410 err.
739 4374 853 4431 typogr.
885 4358 924 4434 (θ)
944 4379 958 4412 e
978 4358 1048 4417 Cdd.
1068 4359 1104 4414 G.
1123 4387 1163 4404 -
1179 4365 1217 4411 iis
1236 4362 1337 4415 Ceteri.
1385 4355 1424 4432 (4)
1445 4386 1486 4399 --
1504 4360 1549 4427 qui

78 4434 98 4453 ‘
209 4436 277 4483 sunt
291 4425 420 4499 profecti
438 4429 504 4485 Ero.
524 4445 599 4502 susp.
637 4428 675 4505 (⁵)
695 4433 745 4486 Sic
764 4434 812 4501 P.,
837 4449 869 4490 ut
887 4434 1016 4488 volebant
1037 4440 1073 4490 l).
1094 4450 1121 4488 et
1140 4435 1206 4489 Ero.
1226 4464 1265 4476 -
1283 4441 1423 4491 conantur
1443 4432 1546 4485 Ceteri.

170 4560 174 4565 ,
210 4502 265 4558 Scd
291 4520 369 4556 num.
394 4502 466 4575 plur.
494 4505 523 4558 b.
548 4504 568 4559 l.
582 4523 673 4577 ,ortus
701 4524 743 4566 est
770 4527 785 4562 e
814 4508 960 4582 praecedi.
988 4512 1138 4583 loquantur
1158 4541 1177 4553 -
1200 4541 1218 4554 -
1232 4509 1373 4583 fingunt:
1403 4507 1555 4567 deserum..

58 4594 61 4613 ’
165 4593 170 4601 “
209 4576 305 4653 (6)-ἰ
329 4572 395 4630 vide
422 4579 489 4633 Ero.
516 4596 591 4653 susp.
643 4583 680 4650 (⁷)
708 4583 754 4637 Sic
773 4585 805 4638 P.
826 4586 934 4641 Iu.·Cr.
955 4589 1057 4647 Rursus
1077 4585 1111 4646 de
1129 4585 1166 4640 D.
1186 4592 1260 4659 susp.
1282 4584 1348 4638 Sch.
1369 4588 1396 4637 2.
1415 4611 1457 4624 ·-
1475 4598 1549 4651 agos

113 4880 122 4897 .
188 4879 346 4945 immam,
370 4878 402 4931 1„
430 4888 455 4934 4,
477 4934 486 4941 μ
506 4877 556 4952 (12)
581 4909 619 4924 -
644 4900 705 4934 esse
731 4900 892 4957 suspectum
912 4892 1034 4946 Bromio.
1081 4887 1094 4962 (
1119 4885 1151 4961 )

149 4702 151 4711 .
197 4638 312 4708 Ceteri.
350 4652 388 4725 (⁸)
408 4654 484 4710 Haec
503 4652 633 4707 Incendit
645 4687 664 4699 -
677 4688 695 4699 -
708 4657 828 4711 aredium
847 4660 881 4713 de
900 4664 933 4715 D.
957 4661 985 4720 Ε.
1000 4661 1078 4736 prob.
1092 4660 1248 4727 Matthiae,
1269 4662 1317 4714 hio
1331 4638 1469 4711 collocavi
1484 4672 1547 4713 cum

209 4730 246 4781 G.
275 4735 301 4784 2.
352 4729 443 4801 Vulgo
470 4729 600 4802 leguntur
629 4747 692 4785 ante
718 4732 815 4788 Vides.
837 4733 889 4809 ζ-
914 4738 1062 4802 Incendit,
1096 4741 1279 4808 inquit‚,eos
1296 4732 1438 4789 Matthiae
1460 4735 1546 4804 susp.)

209 4794 306 4879 (⁹).·—
323 4802 367 4854 Isis
387 4802 461 4858 Gud.
480 4823 522 4878 pr.
543 4804 630 4860 Mers.
650 4805 729 4879 prob.
750 4808 790 4863 Gs
807 4812 858 4878 (¹⁰)
877 4840 916 4854 -
935 4831 992 4868 om.
1011 4812 1119 4864 duabus
1139 4811 1212 4943 Spir.
1231 4811 1288 4865 Erl.
1310 4809 1360 4881 (¹¹)
1375 4808 1546 4859 -devene-

1179 4892 1206 4940 ic
1225 4885 1274 4942 ed.
1302 4886 1362 4940 Mo.
1390 4883 1433 4936 M.
1465 4882 1544 4951 Seqq·

208 4978 248 4993 -
265 4970 350 5024 saqtce
370 4952 399 5015 P.
421 4953 468 5031 Gr.
487 4956 520 5008 V.
1217 4978 1219 4987 ’
1406 5017 1408 5021 ,
