3226 5488
554 406 560 463 ”
600 424 898 527 aesonides.
1222 431 1254 519 '.
1332 461 1393 527 ιιι

26 601 365 664 ,ιιιιιιιιιιιιιιιιίσιιι
393 603 432 663 ad
464 580 631 666 Ciceronis
661 621 761 684 usque
795 611 929 663 aetatem
958 612 1158 685 propagatus
1180 601 1327 665 evenit¹t
1362 604 1394 667 nl

53 694 175 757 forsan
196 706 308 781 postea
331 696 360 757 in
384 696 573 759 Phavorino
597 706 627 757 et
651 693 871 760 Chaeronensi
893 695 1068 758 Plutarcho
1091 695 1259 780 aliquando
1282 714 1393 775 rursus
1488 753 1494 762 .

55 787 243 866 ebullierit,
268 799 355 852 certe
378 788 508 853 nonita
530 784 661 853 illustris
683 802 758 873 post
781 788 972 857 Ciceronem
994 788 1125 851 fluebat.
1185 789 1281 852 Hanc
1311 789 1395 852 enim

57 883 213 946 Graecae
235 883 422 948 eruditionis
444 893 579 966 partem,
604 883 671 946 sine
694 882 894 968 qnasbaiiue
916 883 1066 964 scriptam
1088 882 1322 966 philosophiam
1344 882 1392 946 in·

17 1042 23 1051 ,
53 976 166 1058 telligi
189 998 252 1039 non
274 998 371 1059 posse
393 979 504 1040 Varro
528 979 684 1054 affirmat,
710 978 759 1052 iis,
784 977 836 1061 qui
861 978 912 1040 M.
938 976 1035 1039 'l'nllii
1058 976 1298 1059 philosophica,
1322 978 1392 1047 Iat-

55 1070 182 1132 cnllum
204 1069 235 1132 in
258 1071 388 1153 primis,
419 1075 529 1156 legere
552 1072 794 1155 aggredientur,
820 1092 966 1161 magnatus
989 1070 1153 1133 allaturam
1176 1091 1294 1152 operae
1316 1091 1392 1153 pre·

56 1165 145 1226 tium
167 1163 406 1241 existimamus,
437 1165 645 1248 pluribusque
668 1164 736 1228 aliis
759 1165 960 1248 antiquorum
984 1163 1075 1226 libris
1097 1164 1200 1227 lumen
1222 1175 1394 1244 porrectus

55 1278 152 1332 ram3
177 1280 272 1343 quum
295 1273 461 1341 praeterea
484 1260 554 1342 ipsa
580 1264 620 1323 de
641 1259 772 1324 criterio
795 1260 963 1345 quaestio,
990 1278 1083 1342 qnam
1104 1257 1390 1342 pertractabimus,

55 1352 147 1414 scitu
170 1354 265 1438 digua
287 1375 413 1434 semper
433 1354 531 1418 suerit
552 1355 700 1417 iudicata.

152 1446 259 1531 igitur
275 1446 501 1533 discipulorum
525 1449 667 1512 Socratis
689 1449 787 1531 longe
801 1446 976 1529 principem
993 1446 1160 1511 Platonem
1176 1446 1394 1529 dogmaticum

56 1539 207 1623 quidam,
231 1541 282 1604 alii
304 1543 553 1623 aporeniaticnm
576 1543 645 1606 sive
667 1541 853 1623 scepticurn,
878 1553 932 1602 ant
953 1554 1122 1624 utrumque
1143 1552 1268 1622 putant.
1312 1539 1393 1604 Uni·

55 1633 184 1696 versim
208 1635 289 1696 enim
311 1634 526 1717 philosophos
550 1656 658 1700 omites
679 1635 711 1698 in
735 1637 941 1721 duosumma
963 1652 1081 1718 genera
1110 1632 1316 1716 partiuntur:
1359 1632 1393 1696 in

57 1726 299 1808 Dogmaticos,
335 1727 366 1789 id
395 1741 461 1804 est,
493 1729 546 1813 qui
577 1733 702 1792 decreta
734 1730 947 1813 dogmataque
975 1738 1095 1809 ponant
1117 1738 1149 1790 et
1170 1730 1325 1802 statuant,
1361 1737 1394 1789 et

56 1821 316 1900 Aporematicos
346 1822 397 1883 vel
427 1823 604 1904 scepticos,
641 1823 673 1885 id
705 1833 773 1897 est,
813 1822 864 1906 qui
888 1825 927 1883 de
950 1820 1096 1884 oninibns
1126 1820 1268 1882 dubitent
1298 1831 1393 1903 atque

58 1912 243 1996 disquirent
264 1927 295 1976 et
316 1915 539 1991 considerent,
572 1917 711 2002 nihilque
734 1917 908 1989 affirment,
941 1914 1117 2003 nullique
1099 1913 1149 1976 rei
1171 1911 1394 1976 assentiantur.

58 2007 144 2070 Sive
174 2030 255 2114 ergo
285 2008 484 2092 dogmaticus
517 2010 633 2083 Plato,
672 2009 739 2073 sive
769 2008 891 2115 quod
883 2030 915 2069 ιιι
944 1999 1105 2101 plerisque
1125 2006 1223 2070 'luisse
1245 2004 1403 2091 videtur,

57 2102 298 2183 aporematieus
328 2101 368 2163 sit
397 2103 569 2176 dicendus,
606 2104 684 2165 haec
713 2106 750 2165 de
781 2102 913 2165 criterio
944 2101 1141 2164 existimasse
1164 2098 1391 2187 perhibetur²t

57 2208 202 2277 namque
224 2195 299 2258 nihil
322 2196 474 2276 prohibet
497 2195 676 2276 Scepticum
700 2200 828 2259 decreta
858 2198 994 2270 habere,
1030 2194 1145 2278 quibus
1174 2193 1299 2277 quidem
1329 2210 1394 2255 non
1435 2274 1437 2279 .
1462 2216 1482 2245 w

9 2306 13 2311 ·
56 2289 112 2350 uti
134 2290 296 2371 perceptis
319 2284 523 2369 assentiatur,
547 2295 603 2355 scd
625 2303 659 2355 ut
677 2292 896 2375 probabilibus
911 2300 1036 2353 utatur.
1062 2311 1124 2374 qua
1140 2289 1285 2352 cautione
1301 2286 1394 2351 etiam

58 2384 105 2444 de
129 2383 257 2448 criterio
280 2385 464 2447 sententiam
510 2386 636 2449 rolerre
658 2386 703 2450 illi
725 2387 845 2450 licebit
901 2384 955 2485 ᾼιι
983 2384 1118 2446 humana
1141 2394 1245 2449 mente
1266 2402 1324 2445 seu
1345 2380 1394 2444 ln

58 2476 241 2561 telligentia
262 2474 339 2557 (ιἰιιὸ
355 2503 413 2549 ano
400 2408 652 2568 dulcamine
673 2483 746 2561 νοῦ)
769 2465 893 2543 ratione
917 2489 1023 2541 utente
1047 2499 1099 2540 res
1116 2476 1260 2541 uidicari.
1285 2476 1392 2558 Quum
1480 2490 1482 2505 ⁴

58 2581 171 2634 atatem
200 2593 252 2634 res
281 2571 396 2681 partim
419 2575 477 2635 sub
499 2573 759 2658 intelligentiam,
793 2573 910 2656 partim
934 2574 993 2633 sub
1015 2592 1139 2633 sensum
1163 2573 1292 2647 cadant,
1327 2567 1405 2632 hoc'

9 2734 10 2737 ¹
59 2675 126 2740 cst,
150 2663 326 2754 quumvis
318 2661 396 2754 repsi)
397 2691 498 2752 ματα
518 2667 579 2728 alia
600 2665 726 2750 νοητὰ,
743 2667 777 2731 id
799 2679 864 2742 est,
888 2664 1116 2749 intelligibilia,
1142 2658 1200 2727 alia
1224 2659 1391 2755 αιἰσθιτὰ,

57 2759 99 2822 id
120 2770 167 2819 est
189 2757 333 2833 sensilia,
366 2760 446 2822 sint.
482 2761 646 2823 humanam
676 2761 768 2824 etiam
797 2762 952 2823 rationem
976 2754 1100 2843 (λόγον)
1122 2758 1277 2840 duplicem
1299 2777 1390 2823 esset
1446 2824 1448 2828 .

58 2872 137 2913 mam
161 2872 221 2934 qna
245 2850 398 2932 ιιιίσθιτέι
419 2854 655 2936 percipiuntur,
691 2854 899 2961 opinatricem
929 2852 997 2916 sive
1027 2852 1207 2934 opinantem
1235 2850 1392 2913 rationem

60 2942 309 3024 (δοξαστικὸν
297 2941 356 3031 trip
358 2948 406 3027 ον)
429 2948 510 3010 sicut
532 2960 563 3010 et
571 2970 635 3027 res
658 2948 765 3011 sensui
787 2949 949 3030 expositas
965 2946 1134 3029 opinabilia
1149 2940 1320 3026 (δοξαστὰ)
1334 2965 1392 3043 ap·
1421 3000 1423 3007 ,

57 3038 195 3122 pellaei,
233 3044 468 3126 earundemque
494 3063 600 3105 rerum
623 3043 862 3125 perceptionem
886 3038 1008 3123 δόξαν,
1030 3040 1077 3105 id
1100 3051 1167 3116 est,
1206 3016 1391 3102 sententiuml

59 3133 134 3196 sive
164 3133 347 3215 opinionem
380 3156 467 3211 esse,
505 3135 585 3199 sicut
615 3158 655 3199 ex
684 3139 796 3199 rebus
798 3156 890 3221 quae
912 3111 971 3200 sub
993 3133 1231 3219 intelligentiam
1255 3134 1387 3206 eadunt,

58 3227 189 3291 ratione
212 3228 289 3303 alia,
314 3251 395 3312 quae
417 3230 580 3293 seientiam
603 3230 715 3294 efficiat
737 3231 826 3323 (τῷ
812 3225 1161 3320 ιιιιστιιισιιικῷλόγῳ)
1181 3228 1391 3308 comprehtn·
1463 3296 1470 3303 ,

59 3321 106 3385 sis
125 3320 283 3383 seientiam
300 3319 504 3411 (ἐπιστήμην)
520 3322 685 3387 exsistere.
708 3300 830 3389 Reritm
846 3323 927 3387 enim
943 3299 1103 3387 sensilium
1118 3322 1389 3405 perspicuitatem,

60 3436 146 3497 qnae
169 3416 291 3478 rationi
307 3419 481 3498 probetur,
506 3421 665 3501 approbat
687 3418 779 3483 etiam
803 3419 921 3493 Plato;
947 3420 1002 3481 sed
1025 3439 1088 3482 non
1110 3426 1146 3480 ut
1167 3419 1205 3477 ea
1227 3411 1389 3476 scientiam

59 3507 145 3571 effici
167 3509 269 3585 dieat,
295 3511 473 3599 opinionem
496 3525 622 3588 tamen,
647 3533 728 3594 quae
751 3512 911 3576 scientiam
934 3496 1063 3585 ιιιιιιιιι,
1094 3530 1175 3592 quae
1197 3529 1274 3571 vere
1296 3518 1386 3580 sunt,
1414 3538 1417 3547 ι

59 3600 190 3665 nobis
181 3622 211 3663 ιιι
235 3605 428 3675 memoriam
441 3608 583 3671 reducat.
629 3608 721 3692 Ergo
744 3629 847 3670 sensu
858 3629 930 3669 cnm
954 3605 1129 3688 opinatriee
1145 3602 1269 3668 ratione
1285 3598 1403 3663 sensui·

61 3697 213 3777 exposita
237 3698 387 3776 iudicari,
412 3713 516 3762 mente
540 3721 618 3765 vero
634 3714 690 3764 sen
704 3700 910 3786 intelligentia
926 3722 987 3762 nna
1003 3721 1072 3761 curu
1088 3697 1214 3763 ratione
1229 3695 1389 3765 scientiam

60 3788 218 3857 efficiente
241 3810 321 3873 quae
343 3790 548 3878 intelligentia
571 3799 894 3877 comprehenduntur.
947 3796 1038 3859 Haec
1060 3803 1164 3856 autem
1186 3810 1256 3852 esse
1276 3789 1387 3862 ldeas,

58 3884 98 3948 id
119 3895 183 3960 est,
210 3897 390 3948 constantes
413 3891 563 3970 quasdam
585 3908 690 3951 renium
713 3890 854 3965 formas,
890 3909 971 3992 quae
993 3907 1108 3949 revera
1130 3885 1211 3957 siut,
1243 3881 1330 3957 sive,
1353 3890 1390 3943 ut

58 3977 157 4052 dicit,
194 3979 327 4062 quaein
350 4001 389 4042 eo
413 3985 587 4063 qnodest,
621 3982 783 4046 'exsistant
846 3981 897 4046 Dc
919 3980 1068 4044 universa
1090 3979 1213 4042 ratione
1234 3977 1326 4052 hac,
1342 3974 1390 4038 sic

53 4070 132 4151 vipse
163 4069 194 4132 iu
224 4073 379 4136 Titnaeo·
421 4077 463 4140 Ti
491 4072 529 4141 τὸ
559 4075 596 4141 ὂν
623 4073 774 4163 perdel,
804 4069 979 4185 ye'reqavd'
1010 4070 1068 4140 οὐκ
1089 4069 1185 4160 ἕχον,
1217 4095 1272 4136 και
1296 4064 1390 4137 τιτὸ

61 4159 280 4283 χιινόμενσνι
281 4173 344 4246 eir,
367 4164 404 4232 ὂν
416 4164 579 4236 οὐδέποτε.
628 4168 729 4236 To
689 4197 712 4254 μ
715 4178 748 4237 ν
763 4166 822 4251 δη,
843 4164 901 4250 rori
904 4193 953 4235 σει
969 4165 1052 4255 peril
1067 4161 1168 4279 alpos
1181 4158 1388 4270 περιληπτὸν,
1471 4222 1474 4227 .

61 4253 115 4324 ἀεὶ
136 4257 221 4325 κατὰ
242 4257 348 4326 ταύτὰ
370 4257 427 4327 ὅν·
458 4260 496 4329 τὸ
517 4266 552 4330 dl
575 4251 618 4330 αὖ
641 4259 718 4358 degi
737 4263 821 4351 μετὰ
843 4258 1036 4346 ἷιίσθὴσιως
1057 4257 1199 4345 ἂλόγσν,
1220 4251 1390 4337 δοξαστὸν,

62 4348 255 4439 γιγνόμενον
276 4360 331 4420 καὶ
354 4351 635 4444 ἀπολλύμενον,
623 4337 725 4436 όντιις
747 4361 782 4425 δὲ
805 4353 995 4427 σύδὲιιστι’
984 4353 1046 4422 όν.
1059 4354 1091 4418 id
1113 4364 1182 4417 ests
1217 4351 1278 4413 Est
1301 4348 1403 4434 ιιιιίιι,1

62 4448 152 4528 qnod
173 4454 232 4511 est
249 4458 282 4512 et
311 4470 375 4513 non
407 4463 596 4535 generatum
631 4454 714 4516 aliud
746 4475 845 4528 vero,
879 4454 964 4538 quod
995 4449 1138 4536 gignitur
1161 4445 1304 4531 quideme
1340 4451 1389 4504 ⁰⁵²

62 4561 143 4604 vero
167 4563 346 4627 nunquam:
371 4544 446 4606 illud
469 4545 594 4628 quidem
616 4546 823 4633 intelligentia
845 4569 914 4610 crim
937 4546 1060 4609 ratione
1084 4536 1385 4624 comprehensibile,

19 4648 20 4653 ’
65 4636 152 4715 quod
183 4657 307 4718 seraper
336 4638 511 4701 uniusmodi
535 4652 600 4704 est:
631 4643 694 4705 hoc
718 4662 795 4706 vero
818 4663 929 4704 rursus
953 4640 1103 4722 opinione
1126 4657 1195 4699 cum
1219 4653 1311 4696 sensu
1336 4650 1389 4692 ra

63 4727 159 4790 tionis
196 4743 348 4813 experte,
395 4733 574 4815 opinabile,
614 4744 797 4821 generatum
834 4746 866 4798 et
899 4733 1074 4809 interiens,
1108 4734 1268 4816 ‘nunquam
1308 4744 1387 4789 vero
1425 4800 1428 4815 .

67 4860 1390 4887 *mm-m
1479 4863 1483 4871 ι
1524 4862 1526 4873 ι

144 4956 182 5031 (¹)
203 4962 334 5014 evanuit?
353 4966 478 5017 exaruit?
515 4961 540 5038 (
539 4961 553 5038 )
573 4963 661 5018 stem.
681 4964 715 5018 de
733 4965 844 5045 placatis
861 4965 996 5024 Platonis
1017 4959 1156 5017 Plutarch.
1176 4957 1236 5015 adv
1253 4930 1390 5014 coloten]

65 5034 103 5091 D
124 5035 355 5106 sigemannus
376 5037 719 5147 aeadttlaacapsr
