3252 5490
89 446 99 471 s
153 388 159 401 ‘
187 400 251 497 ιιι
422 395 485 460 ua
508 393 694 460 armeus
717 394 954 462 nououuns
976 392 1039 457 ar
1061 392 1313 457 ιιιιοιιιιιι

186 542 274 626 quod
296 528 383 602 dixi!
419 537 516 618 Quod
539 546 641 600 autem
664 536 816 600 honestas
837 534 978 601 actiones
1002 533 1095 597 affert
1116 516 1150 596 et
1172 532 1283 610 ellicit,
1314 533 1366 597 id¹
1389 534 1527 600 efficiens

187 636 248 698 (1¹⁰¹
270 643 392 791 iiiiii.
417 725 470 789 55.
488 702 605 802 Hace,
631 743 712 810 qnae
732 725 916 808 praeposita
940 724 1088 799 dicimus,
1113 724 1228 805 partim
1243 731 1315 786 sunt
1329 742 1393 804 per
1408 745 1445 786 se
1460 723 1527 807 ipsa

60 838 67 844 “
162 821 391 907 praeposita,
415 817 531 902 partim
548 821 635 903 quod
651 817 770 905 aliquid
791 814 946 894 efficiunt,
971 818 1086 900 partim
1103 817 1312 903 utrumque²2
1336 839 1473 912 perse,
1496 828 1528 882 ut

185 912 455 999 qnidamhabitus
470 911 536 976 oris
552 922 583 978 et
599 914 716 989 vultus,
741 925 777 987 ut
790 925 902 991 status,
920 925 955 989 ut
970 925 1075 988 motus
1086 935 1094 987 3
1117 913 1149 976 iu
1164 913 1279 999 quibus
1291 922 1369 974 sunt
1385 922 1419 975 et
1431 924 1526 997 praei

131 1076 136 1085 .
183 1004 331 1093 ponenda
356 1009 529 1092 quaedam,
554 1018 586 1068 et
605 1006 793 1071 reiicienda:
818 1007 879 1070 alia
902 1007 945 1071 ob
967 1028 1035 1071 eam
1052 1029 1118 1071 rem
1133 1029 1211 1090 prae
1237 1006 1319 1071 osita
1335 1004 1525 1082 dicenturi,

185 1104 273 1186 quod
288 1123 329 1164 ex
344 1123 378 1163 se
394 1099 510 1188 aliquid
526 1099 682 1176 efficiant,
704 1111 740 1164 ut
751 1101 909 1183 pecunia:
931 1030 1483 1184 aliamue—unffi
1498 1113 1527 1163 nt

183 1195 303 1281 integri
318 1214 446 1270 sensus,
470 1204 506 1256 ut
528 1196 613 1256 bona
636 1189 800 1259 valetudo.
846 1196 898 1259 57.
922 1193 973 1260 De
988 1196 1075 1260 bona
1090 1208 1192 1259 autern
1214 1197 1299 1260 sama
1315 1196 1428 1278 (quam
1445 1194 1528 1258 enim

137 1310 139 1323 ·
185 1290 346 1378 appellant
361 1284 519 1370 εὐδοξίαν,
539 1287 643 1371 aptius
660 1300 708 1353 est
722 1289 872 1354 hocloco
886 1290 1131 1353 bonamlamam
1144 1290 1318 1371 appellare,
1337 1310 1436 1371 quam
1456 1289 1528 1370 glo-¹

184 1383 293 1460 riam)
309 1381 511 1466 Chrysippus
524 1382 650 1467 quidem
663 1394 696 1446 et
710 1382 900 1468 Diogenes,
920 1387 1060 1447 detracta
1073 1384 1225 1459 utilitate,
1243 1405 1282 1446 ne
1298 1383 1436 1467 digitum
1455 1383 1525 1467 qui·

185 1480 256 1542 de'm
283 1475 352 1540 eius
380 1498 475 1541 causa
498 1477 762 1563 porrigendum‘(
782 1498 852 1541 esse
882 1475 1046 1552 diceban't3
1084 1477 1199 1562 quibus
1226 1498 1289 1561 ego
1317 1480 1527 1540 vehementer

186 1573 356 1636 assentior.
375 1648 380 1656 ἱ
402 1570 468 1652 Qui
489 1583 591 1635 autem
615 1582 691 1652 post
712 1592 767 1634 eos
783 1571 931 1646 suerunt,
957 1592 1051 1654 quum
1070 1569 1268 1636 Carneadem
1283 1571 1447 1634 sustinere
1462 1592 1525 1634 non

185 1677 336 1752 possent,
361 1665 461 1742 banc,
477 1686 581 1750 vquam
596 1665 681 1740 dini,
704 1667 821 1733 bonam
838 1665 964 1740 lamam,
989 1663 1088 1748 ipsam
1103 1678 1240 1748 propter
1256 1687 1289 1728 se
1304 1665 1527 1748 praepositam

186 1771 218 1824 et
229 1762 415 1822 'sumeudam
431 1780 501 1822 csse
514 1759 684 1822 dixerunt:
702 1780 834 1844 esseque
850 1759 986 1822 bominis
1001 1758 1133 1843 ingenui
1145 1771 1176 1824 et
1191 1760 1368 1823 liberaliter
1383 1759 1527 1834 educati‘

139 1860 142 1864 ’
184 1855 268 1918 velle
284 1857 367 1917 bene
382 1854 491 1917 aridire
508 1875 524 1916 a
547 1854 753 1936 parentibus,
779 1874 796 1915 a
811 1852 1020 1937 propinquis,
1046 1875 1062 1915 a
1080 1852 1173 1917 bonis
1190 1853 1284 1917 etiam
1301 1853 1401 1929 uiris,
1427 1853 1524 1937 idque

75 2018 77 2025 ‚
183 1950 319 2031 propter
341 1968 408 2010 rem
431 1946 551 2029 ipsam,
575 1969 639 2010 non
655 1957 791 2029 propter
806 1967 896 2008 usum
912 1967 920 2007 z
946 1946 1138 2030 dicuntque,
1163 1959 1198 2010 ut
1213 1945 1325 2011 liberis
1338 1950 1523 2012 consultum

182 2040 329 2116 uelimus,
345 2041 439 2104 etiam
455 2041 481 2104 si
496 2042 636 2124 postumi
647 2041 748 2105 futuri
755 2039 827 2115 sint,
836 2053 974 2123 propter
983 2040 1090 2123 ipsos:
1107 2042 1153 2104 sic
1160 2043 1286 2111 suturae
1299 2054 1374 2123 post
1385 2055 1523 2105 mortem

182 2134 422 2199 lamaetamen⁵
443 2155 511 2197 esse
523 2134 748 2218 propterrem,
764 2135 855 2198 etiam
873 2138 1016 2199 detracto
1029 2157 1099 2211 usn,
1118 2136 1359 2199 consulendum.
1386 2137 1442 2199 58.
1461 2137 1525 2199 Sed

184 2250 304 2312 quum,
339 2232 431 2312 quod
449 2229 617 2292 honestum
641 2229 700 2305 sit,
737 2227 895 2292 iel-solum
918 2230 1035 2309 bonum
1059 2251 1128 2293 esse
1151 2230 1314 2293 dicamnsz
1350 2242 1523 2294 consenta-

176 2340 276 2385 'ueum
299 2334 403 2385 tamen
425 2335 493 2398 est,
516 2323 609 2408 fungi
632 2322 758 2398 officio,
782 2344 879 2407 quum
902 2322 935 2386 id
956 2322 1093 2387 officium
1116 2344 1175 2385 nec
1193 2320 1332 2387 inbonis
1349 2345 1520 2406 ponamus,

180 2422 246 2480 'nec
266 2416 297 2477 in
321 2417 423 2480 malis.
468 2419 529 2480 Est
551 2417 631 2481 enim
655 2418 773 2503 aliquid
793 2418 825 2481 in
847 2417 896 2480 his
910 2418 1014 2509 rebus
1037 2418 1226 2498 probabile,
1250 2427 1282 2480 et
1304 2417 1434 2502 quidem
1454 2417 1520 2497 ita,

66 2498 71 2511 ⁸
97 2568 99 2575 .
184 2521 221 2572 ut
242 2509 413 2574 eiusratio
434 2511 526 2575 reddi
546 2512 661 2594 possit.
709 2513 801 2596 Ergo
824 2523 859 2574 ut
873 2512 973 2576 ,etiam
994 2510 1207 2594 probabiliter
1226 2511 1312 2574 acti&
1330 2509 1417 2575 ratio
1432 2514 1524 2577 reddi

182 2603 298 2686 possit.
342 2605 403 2668 Est
426 2615 528 2668 autern
553 2606 823 2691 officium,·quod
844 2603 888 2669 ita
909 2606 1027 2669 sactum
1051 2617 1116 2682 est,
1143 2618 1176 2681 ut
1196 2604 1262 2669 eius
1277 2605 1374 2671 facti⁷
1396 2610 1524 2688 probri

181 2697 257 2762 bilis
285 2698 369 2763 ratio
398 2698 488 2763 reddi
509 2699 625 2782 possit.
684 2700 824 2783 Exque
847 2699 1053 2785 intelligitur,
1093 2695 1390 2777 omanadum
1415 2704 1522 2785 quod·

183 2794 368 2889 daffle,
393 2797 485 2879 quod
503 2812 608 2881 neque
626 2793 659 2857 in
682 2780 774 2858 lionis
796 2806 955 2878 ponatur,
980 2814 1083 2876 neque
1105 2791 1136 2863 in
1160 2790 1344 2858 contrariis.
1390 2793 1521 2883 Quoni-

108 2906 123 2943 ἃ
183 2884 297 2973 amque
317 2886 444 2973 inhis⁸
464 2892 579 2965 rebus,
614 2906 696 2973 quae
724 2910 827 2974 neque
848 2881 884 2952 in
905 2888 1078 2952 virtutibus
1100 2902 1191 2964 sunt,
1231 2908 1333 2971 neque
1355 2886 1388 2951 in
1411 2888 1519 2963 vitiis,

184 2993 233 3046 est
255 2994 359 3045 tamen
381 2982 549 3068 quiddam,
566 2987 663 3070 ‘tprod
683 2982 756 3047 usui
776 2983 879 3066 possit
901 3003 989 3047 esse:
1014 2982 1186 3047 tollendum
1208 2980 1241 3045 id
1262 3003 1326 3045 non
1349 2994 1411 3047 est.
1460 2984 1521 3046 Est

182 3086 289 3140 alitem
317 3072 386 3143 eius
420 3079 545 3162 generis
579 3076 663 3141 actio
686 3064 816 3162 quoque
837 3076 1012 3161 quaedam,
1050 3083 1083 3137 et
1104 3075 1231 3159 quidem
1253 3075 1343 3154 talis,
1375 3089 1412 3139 nt
1434 3076 1522 3140 ratio

76 3176 80 3183 '
181 3171 324 3253 postulet
339 3170 434 3257 agere
459 3171 577 3255 aliquid
597 3183 630 3234 et
650 3171 758 3235 faeere
780 3191 903 3233 eorum
947 3166 1451 3250 demssemratioueaotmnfi
1466 3171 1521 3244 sit,¹

180 3263 214 3326 id
236 3265 374 3328 officium
396 3267 604 3348 appellamus.
648 3267 709 3331 Est
730 3256 829 3350 igitur
851 3262 1242 3353 officiumeiusgeneris,
1266 3266 1470 3349 quodnec¹⁰
1489 3265 1522 3326 in

264 3457 403 3518 XVIII.
428 3456 480 3520 59.
497 3457 605 3539 Atque
614 3458 639 3494 ¹¹
652 3453 854 3537 perspicuum
871 3452 962 3515 ctiam
979 3451 1057 3517 illud
1073 3464 1137 3528 est,
1161 3451 1193 3515 in
1209 3451 1282 3516 istis
1296 3453 1392 3515 rebus
1406 3451 1519 3516 mediis

180 3548 301 3635 aliquid
322 3568 418 3634 agere
443 3550 628 3631 sapientem.
673 3548 795 3614 Iudicat
810 3546 926 3631 igitur,
952 3568 1047 3630 quum
1068 3542 1154 3630 agit,
1180 3545 1315 3609 officium
1333 3545 1411 3609 illud
1432 3568 1516 3629 esse.

181 3642 314 3721 Quod12
337 3639 486 3725 quoniam
501 3664 660 3726 utinquam
676 3641 799 3705 fallitur
812 3640 844 3703 in
861 3637 1045 3715 iudicand0‚
1070 3638 1132 3701 erit
1149 3634 1181 3701 in
1197 3638 1307 3703 mediis
1327 3641 1425 3703 rebus
1446 3641 1547 3726 effi«,

180 3735 283 3809 ciumz
309 3738 395 3819 quod
419 3736 551 3803 efficitur
576 3737 637 3798 bae
661 3734 789 3798 etiam1³
816 3732 1021 3798 conclusione
1046 3729 1191 3797 rationis.
1249 3732 1409 3813 Quoniam
1433 3733 1517 3800 enirn

122 3871 125 3875 ›
142 3858 156 3878 -·
180 3827 325 3891 videmus
341 3850 410 3891 esse
426 3829 593 3912 quiddam,
619 3832 706 3912 quod
721 3840 809 3893 recte
823 3829 943 3891 factum
961 3827 1174 3909 appellemus3
1197 3827 1361 3906 (idautern
1374 3828 1422 3888 est
1442 3847 1517 3908 per-

176 3922 299 3986 feetum
316 3921 451 3985 officium
465 3927 489 4001 t)
509 3915 570 3985 erit
586 3921 753 4004 [autemst]
775 3920 866 3984 etiam
884 3922 1084 3985 inchoatum:
1109 3934 1161 3998 ut,
1186 3922 1214 3985 si
1229 3922 1309 3986 iuste
1335 3922 1516 4008 depositum

181 4016 337 4091 reddere,
361 4016 393 4077 in
419 4025 513 4106 reete!
530 4014 623 4078 lactis
642 4016 700 4091 sit,
723 4015 755 4078 in
773 4015 882 4079 officiis
897 4028 1056 4099 ponatur,
1082 4016 1260 4099 depositum
1280 4016 1433 4078 reddere:
1458 4016 1516 4078 illo

63 4116 68 4121 “
180 4107 263 4170 enim
279 4108 406 4187 addito,
431 4111 539 4188 iuste,
556 4110 628 4173 fit¹⁵
643 4122 730 4174 recte
749 4110 889 4201 saelum:
913 4098 973 4192 lier
990 4133 1024 4174 se
1036 4123 1139 4173 audem
1159 4112 1224 4177 hoe
1242 4103 1345 4192 ipsum
1364 4110 1512 4182 reddere,

164 4194 211 4263 'in
235 4201 341 4269 officio
359 4205 502 4286 ponitur.
562 4203 783 4289 Quoniamque
801 4227 866 4269 non
893 4200 1023 4281 dubium
1044 4215 1111 4280 est,
1137 4203 1212 4288 quin
1239 4204 1271 4266 in
1302 4202 1351 4265 his
1361 4203 1406 4276 ¹⁶,
1432 4222 1514 4284 quas

179 4302 1509 4344 *vm-udum

253 4369 292 4446 (ἲ)
310 4388 348 4426 ω
373 4372 436 4426 ideo
461 4374 505 4427 Et.
527 4392 569 4448 pr.
596 4374 627 4426 L.
648 4374 683 4426 D.
704 4380 730 4430 1.
750 4374 797 4427 Br.
835 4372 873 4446 (²)
892 4386 930 4425 me
945 4384 975 4444 p.
995 4372 1029 4423 ob
1045 4381 1201 4442 nitrumque
1221 4373 1249 4423 L.
1265 4368 1301 4435 E.
1321 4372 1369 4423 Br.
1407 4367 1447 4441 (³)
1468 4370 1515 4422 Sic

176 4445 240 4500 Cdd·
255 4448 288 4503 P.
309 4448 355 4501 Cr.
375 4449 407 4501 V.
429 4448 471 4503 M.
492 4449 528 4504 G.
548 4449 737 4517 -di01sntnr
756 4448 788 4502 L.
808 4450 844 4502 D.
866 4456 891 4513 1.
912 4448 958 4500 Br.
979 4454 1006 4501 2.
1045 4446 1083 4522 (²⁵)
1098 4447 1145 4501 Sic
1160 4446 1210 4500 Cd.
1222 4446 1283 4501 Mo.
1297 4445 1397 4516 Margo
1410 4444 1456 4496 Cr.
1473 4446 1513 4497 tt.

156 4522 208 4593 ΙΙ..
223 4523 304 4596 Seqq.
318 4541 357 4587 ιτ
375 4530 490 4596 porrig.
505 4531 536 4576 iu
560 4541 621 4579 eam
636 4520 679 4579 Iu]
700 4523 746 4578 Cr.
771 4551 807 4566 -
832 4529 862 4575 in
888 4541 951 4575 eom
964 4528 1078 4594 porrig.
1102 4522 1135 4575 V.
1174 4521 1211 4590 (ὅ)
1231 4551 1268 4564 -·
1288 4525 1377 4592 ipsam
1389 4519 1425 4574 D.
1440 4536 1513 4589 susp.

174 4594 214 4670 (ὅ)
233 4628 272 4642 -
289 4604 348 4654 acti
367 4598 403 4654 G.
424 4601 472 4680 [].
499 4629 538 4643 ·-
555 4597 638 4670 sacti
657 4599 689 4653 1..
710 4597 760 4674 (·-
782 4598 938 4670 probabilis
955 4597 1040 4671 facti
1064 4600 1098 4655 L.
1129 4615 1203 4672 susp.
1230 4595 1328 4670 probb.
1349 4598 1384 4650 D.
1405 4611 1434 4651 et
1454 4593 1513 4668 Bc.)

175 4670 215 4745 (⁷)
240 4700 278 4718 ·-
303 4691 360 4730 om.
380 4673 465 4753 jonii
484 4677 524 4729 M.
545 4674 579 4729 L.
627 4672 774 4748 (⁸)mi1‘s
794 4675 836 4728 M.
856 4674 887 4730 L.
909 4684 937 4732 1.
955 4675 1051 4730 Brs2.
1090 4669 1129 4747 (⁹)
1147 4670 1317 4743 -faetum
1335 4672 1367 4723 L.
1405 4670 1458 4744 (¹⁰)
1476 4676 1537 4723 'z'

173 4758 260 4819 nequa
273 4752 308 4805 V.
327 4747 379 4824 (¹¹)
393 4779 431 4795 -
444 4754 533 4823 Atqui
546 4770 561 4804 e
574 4750 632 4807 Pu.
646 4770 687 4824 pr.
701 4750 784 4804 Grut.
798 4750 864 4802 Ern.
880 4756 906 4806 l.
934 4750 986 4818 (¹2)
1003 4780 1043 4793 -
1054 4753 1101 4820 qui
1113 4753 1245 4820 pisoniana
1257 4746 1290 4800 ds
1307 4749 1340 4800 D.
1353 4762 1430 4819 turp.
1445 4744 1511 4798 Lall.

174 4822 228 4892 (¹³)
249 4841 312 4881 eum
325 4823 396 4881 cdd.
413 4827 449 4883 G.
464 4831 491 4882 2.
504 4845 542 4881 :
555 4831 641 4878 ctiam
654 4824 707 4877 hac
720 4826 822 4880 Ceteri.
850 4823 900 4900 (¹4)
919 4841 957 4881 eo
975 4827 1037 4880 Del.
1058 4820 1151 4877 andem
1166 4827 1195 4877 L.
1209 4824 1256 4878 Br.
1275 4822 1288 4902 [
1298 4822 1320 4893 ].
1341 4822 1445 4881 Recte:
1461 4819 1509 4871 olr.

171 4899 254 4951 Beier
274 4897 366 4971 Offic.
387 4901 422 4953 T.
444 4910 469 4958 1.
490 4920 517 4974 p.
538 4906 584 4958 20.
605 4900 719 4973 Madvig
738 4901 761 4953 l.
802 4939 817 4955 ..
831 4898 895 4961 tta.
916 4901 966 4969 (¹⁵)
987 4897 1034 4963 sto
1054 4901 1085 4954 L.
1106 4897 1136 4956 Θ.
1158 4901 1194 4957 G.
1214 4902 1242 4956 2·
1260 4895 1509 4969 -faciecuert

53 4988 67 5069 l'
110 5055 112 5059 y
173 4973 225 5042 (¹5)
246 4974 293 5030 Sic
313 4978 345 5030 Ρ.
365 4977 400 5030 V.
419 4973 454 5031 G.
474 4977 503 5033 h.
523 4975 542 5031 l.
563 4991 647 5033 reete.
667 5002 702 5020 «-
721 4981 758 5028 iis
819 4981 877 5030 teri.
1045 5006 1051 5056 '.
1153 5060 1158 5079 .
1320 5007 1325 5013 .

272 5073 282 5106 Ι
