3226 5488
210 438 273 504 292
461 498 463 507 ,
659 433 805 500 PETRI
831 434 1113 502 VALENlIAE

209 590 281 654 tur3
304 574 515 653 conten-ium,
551 573 585 639 id
605 585 654 640 est
674 600 698 640 n
727 570 853 664 ορμην,
874 564 1110 659 depidaionem
1127 586 1159 639 et
1179 570 1397 638 declinatum
1426 579 1537 674 vocat,

211 675 330 738 Seneca
340 670 494 777 fugam.
537 667 637 735 Philo
655 568 809 744 ludimus,
834 667 891 752 qsti
912 669 1099 779 plerumque
1120 665 1353 752 philosophicis
1381 663 1539 727 variarum

210 778 369 831 sectarum
393 763 526 828 vocibus
548 774 580 827 et
609 763 746 826 decretis
769 762 815 826 uti
836 765 1012 850 gaudet,
1002 787 1034 830 ιο
1067 766 1152 829 libro
1183 764 1269 827 cuins
1298 762 1401 824 index
1422 771 1475 821 est
1496 750 1542 823 ὅτι

144 880 147 891 ’
211 859 374 948 α’τρετιτον
395 854 434 922 τὸ
457 861 571 937 θεῖον,
596 856 714 934 idest,
740 880 804 922 non
826 856 896 922 cs'se
918 859 1057 923 divinam
1080 871 1223 922 naturam
1246 854 1419 919 mutationi
1447 854 1544 917 obuo-

209 954 313 1027 xiam,
348 954 387 1015 de
409 949 603 1032 appetitione
624 951 705 1025 haec
727 972 791 1014 non
813 951 937 1069 qttidem
961 953 1088 1029 Stoica,
1127 955 1184 1016 scd
1205 950 1390 1035 planissime
1416 949 1544 1012 Acade

211 1047 292 1110 mica
309 1044 426 1127 scripta
447 1042 596 1126 reliquiis
627 1041 665 1109 τὸ
684 1045 719 1110 δὲ
725 1053 827 1153 φανι
828 1071 848 1111 ν
868 1051 924 1112 καὶ
947 1047 1102 1113 tundnau
1120 1053 1195 1112 τοτὲ
1219 1038 1455 1131 primissime,
1476 1046 1545 1107 τοτὲ

211 1142 322 1206 δὲκαὶ
345 1132 388 1215 ὡς
407 1139 521 1248 ἱμέροις
539 1138 675 1218 διέθηκε
698 1133 757 1219 τὴν
771 1156 895 1251 ψυχην.
943 1141 1050 1207 Τοῦτο
1073 1142 1109 1207 δὲ
1130 1135 1232 1220 αὐτῆς
1257 1133 1296 1202 τὸ
1317 1132 1450 1213 πάθος
1466 1130 1546 1224 ὁρμὴ

166 1312 171 1319 ¹
211 1236 375 1309 καλεῖται,
412 1223 451 1309 ἣν
483 1224 667 1318 ὁριζόμενοι
687 1226 818 1319 πρώτην
843 1232 975 1341 ipanus
995 1225 1080 1302 einos
1100 1235 1211 1328 ψυχῆς
1235 1231 1382 1313 κίνησιν,
1408 1231 1462 1293 'id
1485 1241 1547 1292 cst:

207 1326 244 1390 id
264 1345 345 1389 vero
366 1326 454 1408 quod
475 1324 623 1405 apparuit
645 1323 811 1410 risumque
832 1327 880 1391 sui
902 1328 1080 1410 impressit,
1116 1349 1199 1391 nunc
1220 1325 1348 1412 quidem
1376 1323 1431 1387 uti
1462 1334 1549 1386 natu-

210 1441 267 1517 nae
289 1419 579 1492 accommodatum,
603 1439 686 1479 nunc
710 1440 788 1482 vero
811 1431 846 1481 ut
867 1421 970 1487 altero
992 1424 1090 1487 modo
1112 1423 1233 1485 habens
1256 1418 1365 1482 affecit
1388 1419 1549 1497 animum
1567 1477 1574 1493 ,

193 1506 301 1579 “cuius
332 1510 459 1577 affectio
482 1531 519 1573 ea
544 1511 700 1592 appetitio
723 1526 941 1596 nuncapatur,
966 1537 1060 1601 quiam
1083 1515 1214 1578 delinire
1238 1512 1386 1577 volentes
1410 1513 1549 1595 primam

182 1680 186 1687 ¹
211 1607 305 1670 animi
335 1604 509 1669 motionem
538 1624 608 1666 esse
638 1604 798 1670 dixerunt.
841 1608 1041 1693 Hpuxnmiu
1066 1620 1189 1684 atatem,
1224 1606 1257 1671 id
1288 1616 1357 1681 est,
1395 1618 1550 1690 agentem

118 1736 121 1741 »
210 1702 292 1763 hanc
311 1699 556 1781 appetitionem,
582 1696 681 1761 Stoici
703 1721 793 1764 more
812 1723 871 1769 suo
892 1695 1041 1767 in'mirlta
1056 1703 1226 1773 minutiora
1240 1699 1412 1763 dividimt:
1442 1721 1551 1763 nume·

101 1792 109 1827 ·’
210 1806 282 1861 rant
303 1793 383 1856 enim
407 1792 473 1855 eius
500 1792 642 1872 speeies,
679 1788 861 1881 πρόθεσιν,
890 1795 1066 1883 ἐπιβολὴν,
1092 1789 1318 1884 παρασκευὴν,
1341 1793 1551 1882 ἐγχείρησιν,

210 1889 423 1977 ιιροσὶρισιν,
446 1888 596 1966 θέλησιν.
640 1885 731 1969 quasi
755 1887 860 1965 dicas,
898 1891 1119 1974 propositum,
1153 1887 1378 1962 intentionem,
1409 1908 1553 1969 praepa·

98 1982 103 1995 '
201 1981 387 2056 rationem,
412 1991 580 2056 conatum,
604 1979 789 2058 consilium,
814 1984 1023 2047 voluntatem.
1067 1985 1191 2046 Verum
1214 1980 1305 2043 nimis
1321 1979 1383 2043 iam
1408 1980 1550 2043 multum

42 2086 45 2093 '
135 2073 137 2077 ’
211 2074 244 2138 ἰιι
268 2073 384 2138 Stoicis
412 2072 572 2137 senticetis
606 2074 784 2137 haeremus.
829 2077 883 2141 Ad
913 2077 1076 2141 scientiam
1099 2097 1199 2161 ergo,
1237 2075 1318 2136 haec
1349 2071 1443 2136 enim
1479 2074 1552 2156 ipsis

218 2168 290 2232 viae
312 2167 383 2230 huis
406 2177 438 2230 et
466 2165 677 2251 navigationis
705 2180 819 2248 portus
840 2170 971 2257 ipsaque
993 2176 1157 2237 beatorum
1180 2166 1292 2232 civitas
1314 2178 1382 2245 est,
1420 2171 1553 2232 tandem

213 2264 410 2325 accedamus.
1124 2316 1127 2323 .

300 2353 469 2417 Scientiam
492 2352 595 2418 Stoici
617 2352 706 2417 varie
728 2355 900 2421 deliniunt:
938 2360 998 2422 hae
1021 2359 1102 2468 enim
1124 2358 1194 2423 eius
1214 2367 1286 2420 suut
1307 2376 1350 2418 ex
1372 2354 1462 2437 ipsis
1484 2355 1551 2418 col·

211 2450 315 2514 lectae
347 2451 432 2530 apud
465 2448 657 2511 διοιιιιοιιιιι1
688 2449 907 2516 definitiones·
941 2447 1102 2538 ἐπιστήμη
1125 2453 1193 2518 ἐστι
1214 2443 1458 2540 κατάληιμις’
1434 2472 1551 2540 auspe-

213 2540 273 2624 λὴς
295 2547 351 2607 καὶ
370 2536 604 2639 ἀμετάπτωτος
622 2536 686 2607 ὑπὸ
707 2538 828 2627 λόγον,
853 2545 885 2607 iti
907 2557 973 2609 est:
998 2545 1138 2609 Scientia
1158 2556 1206 2608 est
1226 2544 1319 2605 firma
1341 2553 1376 2604 et
1398 2541 1551 2604 immuta·

213 2636 289 2701 hilis
322 2657 359 2700 ae
392 2635 507 2701 rationi
533 2633 642 2698 innixa
674 2639 937 2745 comprehensio,
975 2640 1027 2705 rel
1055 2660 1137 2723 qliae
1166 2637 1290 2702 ratione
1312 2636 1464 2697 convelli
1486 2657 1550 2699 non

212 2729 333 2815 possit,
357 2729 614 2813 comprehensio.
659 2731 704 2792 Et
726 2726 877 2816 σύστημα
898 2732 964 2813 ἐξ’
948 2733 1131 2819 ετιιστημῶν
1155 2725 1313 2797 τοιούτων
1334 2723 1427 2792 κατὰ
1449 2732 1551 2816 μέρος

212 2820 349 2930 toyextss
373 2825 405 2889 ἓν
438 2824 484 2915 toi
515 2817 934 2912 σπονὸαιῳὺιττὶρχουσα,
965 2824 1086 2901 idest,
1125 2823 1273 2887 collectio
1297 2843 1339 2884 ex
1360 2820 1550 2885 huiusmodi

180 2924 183 2933 “
213 2917 354 2982 scientiis
382 2916 415 2981 in
436 2891 585 2980 rationali
615 2915 711 2979 animi
732 2931 822 3028 parte
844 2919 994 3029 sapientis
1016 2918 1200 2983 constituta.
1258 2918 1302 2979 Et
1334 2912 1552 3003 σύστημαέξ

213 3013 399 3098 ἐπιστημῶν
423 3012 572 3097 τεχνικῶν
591 3011 624 3094 ἐξ
649 3006 753 3077 αὐτοῦ
775 3012 848 3098 ἕχον
866 3011 904 3078 τὸ
925 3008 1121 3098 βέβαιον,
1103 3039 1145 3089 ως
1167 3011 1325 3099 ἔχουσαν3
1347 3013 1386 3073 αἱ
1405 3005 1550 3096 ἀρεταὶ,

212 3106 247 3187 id
267 3116 334 3169 est:
361 3103 567 3169 Collectio
542 3126 611 3167 sive
629 3104 819 3189 aggregatio
846 3127 887 3169 ex
912 3105 1051 3171 scientiis
1073 3102 1253 3168 artificiosis
1275 3102 1549 3165 firmitudinema

214 3222 249 3264 se
273 3201 340 3283 ipsa
363 3201 503 3274 hahens,
539 3192 647 3283 qiialcs
670 3197 805 3283 virtutes
827 3212 919 3276 suut,
951 3201 1021 3276 vel,
1046 3200 1170 3285 qtaalem
1192 3195 1419 3261 firmitudinem
1445 3194 1550 3257 virtu·

113 3310 116 3313 ’
213 3305 262 3356 tes
283 3295 414 3355 habent.
459 3292 502 3354 Et
524 3291 586 3372 ἕξις
600 3293 793 3383 φαντασιῶν
812 3288 982 3374 δεκτικὴ
962 3290 1195 3380 αμετάτιτωτος
1208 3285 1272 3355 ὑπὸ
1294 3284 1415 3372 λόγον,
1438 3288 1476 3350 ιιι
1488 3298 1548 3362 est,

215 3386 343 3459 habitus
366 3387 406 3448 nd
418 3384 652 3467 phantasiarum
667 3386 881 3467 receptionem
897 3387 1172 3458 accommodatus,
1196 3381 1350 3445 aratione
1361 3381 1549 3443 firmitatem

214 3481 335 3543 habeus
357 3490 394 3541 ut
416 3479 554 3541 convelli
575 3500 639 3542 non
662 3480 782 3561 possit;
807 3481 877 3544 vel:
902 3501 996 3564 quem
1011 3477 1194 3543 convellere
1216 3475 1302 3537 nulla
1318 3473 1403 3536 ratio
1428 3474 1548 3557 possit.

299 3573 337 3636 Iu
359 3571 438 3637 solis
468 3585 574 3636 autern
598 3573 768 3637 virtutibus
798 3586 893 3659 atque
922 3574 953 3637 in
987 3574 1129 3654 sapiente
1161 3571 1233 3634 solo
1252 3567 1423 3653 ,scientiam
1451 3589 1545 3643 esse,

214 3664 398 3729 Stoicorum
425 3669 608 3751 dogmatum
631 3678 728 3747 eaput
750 3668 837 3730 est4:
875 3690 969 3753 quam
997 3678 1029 3731 et
1049 3686 1212 3731 ιιιιιιιιιιιιιι,
1228 3665 1351 3741 ,honum
1381 3660 1497 3723 dicunt
1519 3671 1548 3723 et

213 3760 330 3823 solum.
375 3759 500 3825 Cicero
518 3760 552 3823 in
573 3761 753 3823 Lucullo⁵z
788 3762 851 3834 „ln
871 3763 984 3845 quihus
1000 3759 1200 3841 (virtutibus)
1219 3753 1297 3819 solis
1323 3753 1431 3829 inesse
1452 3754 1548 3817 etiam

214 3851 378 3915 scientiam
400 3851 551 3930 dicimus,
576 3875 668 3938 quam
692 3875 750 3916 nos
778 3855 896 3934 (Stoici
921 3867 953 3919 et
974 3854 1167 3932 Antiochus)
1189 3872 1253 3914 non
1275 3848 1546 3928 comprehensio·

184 3964 283 4008 ,nem
311 3947 408 4008 modo
431 3967 558 4023 rerum,
597 3949 654 4010 sed
683 3948 776 4010 etiam
804 3950 950 4012 stabilem
973 3959 1068 4031 atque
1090 3944 1312 4010 immutabilem
1335 3962 1407 4005 esse
1433 3962 1545 4005 cense-
1600 3956 1601 3959 ’

211 4036 318 4100 ιιιιιι.”
375 4037 418 4099 Ει
445 4039 554 4120 paullo
578 4051 649 4103 ante
679 4040 752 4104 libri
776 4041 914 4106 liuem⁶a
950 4044 1043 4117 „Nos
1065 4041 1148 4105 euim
1170 4039 1298 4120 (Stoici)
1321 4035 1543 4111 defendimus,

193 4129 305 4196 etiam
334 4128 530 4212 insipientem
559 4137 657 4196 multa
690 4136 973 4252 comprehendere.
1030 4136 1077 4199 At
1098 4133 1181 4198 scire
1204 4131 1325 4216 negatis
1348 4151 1544 4238 quemquam

209 4245 279 4288 rem
300 4222 396 4285 sillam
418 4225 479 4288 nisi
500 4226 708 4317 sapienteml'
733 4230 945 4293 Plutarcu11s⁷
969 4229 1153 4294 Stoicorum
1177 4226 1304 4293 verbis.
1323 4224 1418 4289 noina
1440 4219 1544 4291 uacci-

209 4318 351 4434 inmte*
335 4342 377 4383 ev
390 4320 435 4409 τῷ
465 4322 562 4413 oomni
585 4328 641 4389 καὶ
660 4347 724 4409 μ.ι
725 4349 771 4409 μη
792 4319 831 4388 τὸ
853 4320 1041 4443 oiotpaitc'
1030 4323 1151 4411 ι’χουσα
1176 4326 1231 4387 καὶ
1254 4319 1411 4405 βέβαιον,
1437 4313 1544 4395 midde

122 4432 125 4441 ¹
208 4411 297 4476 εστιν
319 4406 479 4518 ἐπιστημη
509 4420 566 4480 καὶ
587 4411 725 4499 ἀγαθὸν
753 4418 838 4502 μέγα
867 4424 924 4483 καὶ
946 4439 1119 4502 μιγιστον,
1155 4416 1189 4479 id
1210 4425 1277 4478 est:
1313 4411 1429 4477 Omnis
1455 4435 1543 4477 corn·
1602 4416 1603 4465 Ὗ

207 4503 423 4586 prehensio
415 4527 446 4568 m
480 4507 620 4589 sapiente
655 4520 686 4572 et
720 4511 873 4574 memoria
909 4532 991 4596 quae
1020 4511 1227 4573 constantiam
1261 4518 1292 4571 et
1313 4505 1542 4570 firmitudinem
1602 4548 1603 4589 p

208 4597 342 4674 habeat,
366 4599 512 4680 protinus
531 4601 661 4665 scicntia
693 4615 741 4666 est
763 4626 978 4690 magnumque
996 4604 1219 4671 semaximum
1241 4603 1374 4665 bonum.
1424 4599 1542 4665 Omnia

280 4830 434 4905 (¹)E0108·
455 4834 562 4892 ⁰¹¹¹·C·
583 4843 742 4912 2·P··17l
790 4841 827 4906 (²)
847 4841 911 4915 [ες
932 4843 966 4900 io
968 4841 1063 4921 μικὸν.
1116 4844 1167 4912 (5)
1174 4841 1269 4917 Legss
1262 4838 1406 4919 ἑχμονσιν
1447 4844 1540 4911 (⁴)1)

100 4936 104 4959 ι
195 4904 320 4975 August.
342 4922 438 4961 contra
459 4909 543 4965 head.
570 4912 590 4966 1.
622 4924 648 4972 1.
667 4929 692 4967 c.
714 4919 740 4973 7.
790 4914 893 4989 (5)(3,
905 4923 931 4981 8.
968 4864 1076 4994 ’,(6)Ο
1097 4924 1143 4979 47.
1191 4919 1230 4992 (5)
1249 4865 1297 5009 lle
1312 4935 1461 4975 commun.
1481 4932 1538 4973 not·

160 5000 162 5005 ·
203 4976 264 5031 ttdv
285 4978 372 5034 stote.
393 5001 420 5055 p.
441 4988 524 5045 1061,
545 4987 577 5041 C
