3188 5492
212 402 409 474 ceurae
432 356 756 488 neuneancos
779 401 871 466 ure.
894 396 964 469 ιιι.
1009 397 1053 466 c.
1077 398 1109 463 ι.
1134 404 1199 509 ι.Χ
1271 402 1388 492 ιιι.
1456 362 1471 495 ’1

33 524 135 615 rernm
163 544 254 610 etiam
285 547 322 609 de
351 543 421 628 ipsa
450 541 610 628 religione
639 546 833 618 concordat,
869 547 956 630 quod
978 558 1027 609 est
1047 542 1119 608 reri
1141 533 1235 607 amici
1254 542 1354 607 matti-
1383 555 1386 563 ’

31 642 223 713 festissimum
243 639 406 702 iudicium.
464 638 641 723 Siquidem
657 639 792 701 amicitia
822 639 997 705 rectissime
1031 651 1138 722 atque
1162 636 1359 701 sanctissime

32 737 149 813 definita
170 747 236 807 est,
271 744 377 796 rerum
401 735 609 796 humanarum
628 745 659 795 et
684 732 859 796 divinarum
886 756 956 798 cum
988 732 1214 799 mnevutentia
1241 744 1273 796 et
1304 728 1361 797 ca·
1390 811 1394 817 ἢ
1471 707 1490 789 f
1575 748 1585 805 ,

32 831 118 893 ritate
141 827 323 892 consensio

109 925 190 987 VII.
216 926 269 985 ll.
293 925 414 985 Tamen
435 943 473 985 ne
494 933 548 985 aut
566 921 831 985 Academicorum
850 932 1035 1006 argumenta
1055 924 1206 1005 quasdam
1226 919 1358 982 nebulas
1378 940 1384 947 ι

32 1019 191 1082 videantur
206 1019 391 1094 offundere,
416 1030 481 1079 ant*
495 1016 755 1083 doctissimorum
777 1018 921 1080 virorum
943 1017 1148 1092 auctoritati,
1170 1017 1253 1080 inter
1276 1032 1358 1098 qttos
1382 1054 1386 1061 ·
1427 1022 1436 1092 ζ

32 1108 157 1192 minime
175 1108 303 1174 Tullius
322 1133 385 1173 non
407 1130 538 1174 movere
556 1131 615 1174 nos
634 1132 697 1175 non
717 1124 843 1194 potest,
858 1114 1006 1192 'superbe
1029 1110 1188 1174 nonnullis
1206 1108 1367 1173 resistere·

20 1209 205 1282 uideamur,
244 1207 272 1269 si
298 1207 389 1270 robis
410 1207 540 1289 placet,
574 1206 663 1285 prius
687 1228 787 1287 paura
813 1219 926 1271 eontra
953 1224 1010 1269 eos
1035 1205 1223 1281 disseram,¹
1242 1204 1359 1287 qttibus
1453 1230 1454 1235 ¹

32 1304 170 1365 ridentur
190 1299 420 1381 disputationes
442 1300 514 1362 illae
537 1301 701 1363 adversari
727 1302 867 1384 veritati.
905 1302 1035 1364 Deinde
1056 1312 1093 1363 ut
1113 1299 1191 1362 milti
1213 1298 1395 1370 videtur,··
1479 1302 1483 1321 ¹

34 1398 208 1471 ostendam,
234 1415 316 1479 quae
343 1414 451 1457 sarissa
473 1394 585 1456 luerit'
602 1395 805 1459 Academicis
830 1397 1036 1485 ocertltandse
1064 1393 1236 1457 senitentiae
1269 1384 1358 1454 strae.

34 1492 150 1575 ltaque,
172 1490 286 1570 Alypi,
310 1488 452 1573 quamvis
472 1498 504 1552 tc
522 1499 624 1552 totum
642 1489 673 1552 in
694 1489 771 1554 meis
789 1491 932 1572 partibus
952 1491 1086 1566 rideam,
1110 1498 1217 1551 tamen
1235 1486 1360 1567 suscipe
1390 1490 1393 1497 ’
1422 1537 1430 1556 ,

33 1607 87 1667 pro
108 1585 156 1648 his
174 1584 369 1690 patibulum,
394 1582 532 1685 mihique
557 1587 731 1665 responde.
778 1586 940 1665 Quoniam
965 1585 1080 1661 hodie,
1103 1582 1226 1666 inquit,
1251 1580 1362 1662 eampi-

35 1691 120 1753 cato,
143 1690 177 1740 ut
197 1677 302 1752 aiunt,
326 1676 533 1759 processisti,
558 1698 624 1763 non
647 1677 815 1759 impediam
834 1679 1046 1761 plenissimam
1068 1677 1237 1741 victoriam
1259 1687 1388 1751 trram,‹.

34 1783 60 1835 et
70 1783 181 1875 partes
203 1771 308 1839 illas
289 1790 360 1841 iam
384 1771 544 1848 secanius,
570 1792 635 1856 qno
660 1772 716 1833 ahs
738 1782 770 1834 te
786 1773 1005 1857 imponantur,
1023 1773 1156 1836 tentabo
1175 1770 1358 1853 susciperet
1388 1806 1392 1817 ‹

34 1867 59 1928 si
83 1879 185 1934 tamen
216 1868 281 1929 hoc
310 1867 397 1949 quod
426 1864 735 1949 interrogationibus
763 1876 795 1929 te
830 1879 974 1930 acturum
1003 1880 1074 1932 esse
1102 1863 1360 1951 significas,in

34 1958 200 2023 orationem
223 1970 411 2041 perpetuam
435 1961 475 2039 (si
496 1960 554 2022 tibi
576 1962 787 2023 commodum
797 1963 859 2041 est)
882 1961 969 2024 malis
989 1971 1198 2037 convertere,
1223 1979 1263 2022 ue
1282 1974 1369 2021 rere·

34 2066 66 2115 ut
87 2053 232 2136 pertinax
254 2054 479 2129 adversarius,
515 2056 604 2138 qrrod
632 2075 650 2116 a
672 2065 725 2116 tua
747 2056 949 2118 humanitate
963 2054 1183 2148 longissimum
1205 2067 1271 2131 est,
1301 2053 1361 2117 mi·

28 2148 110 2211 nutis
131 2147 194 2211 illis
218 2147 289 2210 telis
312 2151 368 2210 abs
390 2160 421 2210 te
443 2148 503 2212 iam
528 2148 673 2230 captivus
696 2152 875 2214 excurcier.

67 2245 165 2307 Ι16.
189 2238 301 2325 Atque
320 2264 395 2328 ego,
420 2248 517 2328 qutun
532 2254 565 2306 et
580 2243 652 2306 illos
667 2232 730 2307 hoc
732 2256 933 2352 ‚exsprectere
949 2244 1249 2325 animadverterent,
1270 2242 1362 2330 qnasi
1456 2280 1460 2287 ·

35 2337 140 2401 aliud
132 2358 297 2423 ingressus
319 2336 510 2412 exordium,
546 2338 739 2415 Morem,
730 2361 877 2426 inquam,
902 2342 996 2405 vohis
1019 2342 1141 2428 geram.
1185 2341 1231 2404 Et
1250 2338 1362 2423 quani-

35 2432 79 2495 vis
99 2444 172 2515 post
194 2432 283 2494 illum
306 2431 451 2495 laborem
473 2432 601 2495 scholae
619 2433 830 2511 rhetoricae
821 2456 854 2499 ιιι
874 2437 936 2497 hae
954 2454 1004 2498 me
1023 2434 1089 2498 levi
1108 2445 1265 2497 armatura
1280 2454 1364 2497 nou-

35 2526 106 2591 nihil
124 2524 343 2611 requieturum
363 2546 432 2590 esse
448 2540 742 2634 praesumpseram,
766 2540 803 2591 ut
823 2530 1054 2636 interrogando
1076 2529 1264 2611 temporius
1286 2549 1364 2614 ege·

35 2630 212 2705 remquam
234 2619 391 2683 dicendo:
429 2632 532 2685 tamen
558 2622 631 2705 quia
655 2635 704 2685 et
702 2622 892 2706 paucissimi
913 2644 1041 2698 sitinus,
1076 2635 1111 2686 ut
1130 2623 1268 2686 clamare
1286 2623 1363 2686 mibi
1401 2626 1404 2631 ’

35 2714 140 2779 contra
163 2713 389 2778 valetudinem
384 2736 498 2778 meam
524 2737 591 2780 nou
612 2716 653 2780 sit
672 2739 822 2796 neeesse,
848 2730 884 2782 et
903 2717 999 2781 istum
1016 2718 1122 2781 stilum
1144 2738 1256 2793 caussa
1278 2716 1368 2781 eius·‘
1442 2768 1446 2777 .

36 2809 99 2871 dem
125 2807 237 2871 salutis
264 2807 353 2891 qnasi
368 2809 527 2916 aririgam
554 2764 855 2896 moderatoremque
883 2812 1038 2876 sermonis
1063 2811 1125 2876 mei
1152 2833 1222 2877 esse
1247 2814 1361 2892 volui,

36 2921 72 2964 ne
95 2901 284 2966 concitatius
305 2901 419 2984 rapiar
435 2904 539 2968 animo
566 2926 659 3012 quem
685 2926 763 2971 eura
783 2906 932 2990 corporis
955 2905 1080 2989 poscit,
1112 2920 1292 2991 perpetrm,
1326 2920 1365 2972 ut

37 2996 319 3074 vultis,.oratione
341 2997 446 3061 audite
475 2998 550 3082 quid
573 2998 719 3064 sentiam.
771 3000 833 3062 Sed
853 2999 961 3106 primo
980 2999 1057 3081 illud
1075 3001 1244 3065 *videamus
1262 3004 1364 3109 quale
1397 3005 1399 3008 ’

37 3089 90 3166 sit,
113 3094 196 3154 unde
219 3102 378 3155 amatores
400 3090 666 3159 Academicorum
687 3093 825 3182 gloriari
841 3093 970 3157 nimium
989 3094 1107 3157 solent.
1150 3097 1233 3159 Nam
1248 3096 1309 3161 est'
1329 3096 1364 3160 iu
1403 3124 1405 3127 ·

36 3182 119 3247 libris
149 3184 342 3259 Ciceronis,
380 3206 462 3283 quos
490 3185 524 3249 in
557 3186 651 3251 buius
682 3209 813 3253 caussae
841 3186 1053 3270 patrocinium
1083 3188 1234 3273 scripsit,
1271 3192 1393 3257 loeus

37 3276 173 3359 qiidam,
199 3289 235 3339 ut
253 3277 333 3340 mihi
350 3274 495 3354 videtur,
521 3279 600 3343 mire
616 3283 797 3346 urbanitate
812 3280 996 3373 conditus,
1007 3294 1042 3346 ut
1063 3285 1223 3348 nonnullis
1242 3298 1404 3365 atatem,

37 3371 122 3434 etiam
144 3372 293 3435 firmitate
313 3373 508 3440 roboratus.
545 3375 683 3439 Difficile
702 3388 751 3440 est
766 3396 921 3459 prorsus,
945 3388 980 3440 ut
1001 3398 1191 3463 quemquam
1210 3400 1275 3444 non
1292 3402 1371 3448 mo·

37 3478 105 3529 reat
126 3469 215 3550 quod
238 3466 284 3529 ibi
309 3466 426 3530 dictum
454 3478 520 3546 est,
560 3470 757 3535 Academico
786 3469 919 3553 sapienti
946 3473 987 3534 ab
1014 3471 1159 3536 omnihus
1184 3485 1365 3539 ceterarum

36 3568 212 3647 sectarum,
236 3559 292 3647 qui
313 3560 375 3624 sihi
390 3561 548 3644 sapientes
568 3565 735 3641 videntur,
760 3568 915 3629 secundas
936 3576 1046 3648 partes
1064 3564 1152 3642 dari,
1177 3578 1273 3652 quitur
1296 3566 1371 3651 pri

36 3674 98 3716 mas
126 3655 188 3719 sibi
217 3676 374 3740 quemque
405 3654 566 3722 vindicare
589 3681 722 3735 necesse
748 3661 800 3724 sit.
856 3660 911 3722 Ex
940 3674 1006 3744 quo
1030 3664 1128 3742 posse
1152 3662 1372 3759 probabiliter
1479 3690 1488 3700 ·

38 3750 169 3829 confici,
210 3771 280 3815 eum
306 3763 394 3815 recte
420 3752 556 3836 primum
578 3774 648 3819 esse
672 3753 792 3819 iudicio
819 3774 898 3851 suo,
933 3754 990 3871 qui
1013 3754 1153 3819 omnium
1182 3752 1367 3824 ceterorum

39 3842 151 3921 indicio
172 3846 214 3909 sit
236 3847 408 3910 secundus.
1280 3896 1281 3903 ι
1399 3848 1404 3857 ’

121 3942 173 4003 16.
198 3941 266 4003 Fae
280 3942 380 4017 enim,
404 3941 498 4006 verbi
512 3964 641 4021 caussa,
667 3943 809 4010 Stoicum
828 3945 937 4008 adesse
949 3943 1139 4026 &menteris
1162 3964 1235 4010 nem
1249 3912 1366 4016 eontra

41 4044 94 4097 eos
110 4034 310 4118 potissimum
330 4036 593 4102 Academicorum
614 4040 733 4104 exarsit
754 4039 926 4123 ingenium.
970 4041 1064 4124 Ergo
1084 4042 1177 4106 Zeno
1193 4042 1246 4109 vel
1259 4042 1370 4126 Chry·-
1404 4057 1405 4061 ’

40 4127 145 4231 sippus
163 4130 191 4192 si
211 4129 479 4215 interrogentur,
505 4132 575 4216 quis
597 4134 638 4195 sit
660 4133 809 4216 sapiens.
844 4134 1052 4214 respondebit
1070 4155 1141 4197 eum
1162 4156 1250 4211 esse,
1270 4160 1384 4233 quem,

40 4219 105 4301 ipse
119 4222 337 4304 descripserit.
380 4223 507 4288 Contra
528 4225 689 4307 Epicurus
703 4228 756 4291 rel
772 4224 934 4311 quisalius
950 4228 1207 4293 adversariorum
1222 4226 1376 4317 negabit,
1428 4276 1431 4283 ι
1531 4262 1545 4287 .

42 4334 192 4401 suumque
215 4316 321 4399 potius
342 4317 568 4424 peritissimum
589 4321 789 4402 voluptatum
816 4334 969 4403 aucupem
997 4320 1170 4404 sapientem
1194 4346 1265 4390 esse
1287 4348 1370 4391 eou-
1408 4334 1414 4338 ’

40 4411 154 4474 tendet.
206 4413 283 4475 Inde
306 4411 376 4473 ad'
367 4410 524 4495 iurgium3
559 4413 672 4477 elamat
694 4416 805 4489 Zeno,
840 4427 871 4479 et
905 4427 975 4479 tota
1003 4416 1057 4480 illa
1079 4418 1224 4500 porticus
1249 4423 1368 4485 tumul
1406 4428 1408 4433 ’

41 4510 168 4580 tratur,
202 4503 361 4566 hominem
383 4516 488 4566 nattam
516 4508 555 4568 ad
579 4507 658 4570 nihil
680 4526 751 4572 esse
780 4506 864 4573 aliud
891 4531 985 4599 quam
1014 4512 1231 4578 honestatem.
1265 4515 1368 4597 ipsam

40 4615 97 4658 suo
119 4549 338 4680 splendorem
358 4618 392 4662 se
413 4596 534 4663 animos*
556 4603 693 4678 ducere,
718 4603 806 4667 nullo
824 4625 959 4686 prorsus
979 4608 1149 4670 commodo
1169 4609 1370 4676 extrinsecus

15 4689 145 4795 „posito
168 4702 199 4754 et
222 4693 312 4785 quiesi
334 4691 530 4757 lenocinante
553 4698 719 4760 mercede.
744 4698 1004 4783 voluptatemque
1024 4699 1110 4761 illem
1131 4702 1267 4784 Epicuri
1289 4708 1368 4771 solis

42 4782 121 4849 inter
142 4809 175 4851 se
181 4790 369 4871 pecoribus
391 4800 463 4853 esse
483 4798 700 4865 commuuem3
730 4791 761 4852 iu
791 4814 926 4875 quorum
949 4793 1133 4857 societatem
1156 4808 1188 4860 et
1209 4798 1370 4866 hominem
1475 4800 1481 4805 ‘

44 4889 74 4940 et
94 4882 265 4962 sapientem
287 4886 419 4947 trudere
440 4885 529 4948 nefas
552 4906 634 4949 esse.
691 4883 816 4951 Contra
840 4887 894 4950 ille
916 4890 1094 4953 convocate
1117 4892 1155 4953 de
1176 4894 1345 4960 hortulis
1335 4921 1370 4962 ιιι

43 4973 187 5046 auxilium
206 4977 298 5062 qnasi
320 4977 454 5055 †libcra
478 4981 571 5052 turba
594 4980 859 5057 temulentorum,
883 4984 1249 5066 praesentaneum,
1274 5016 1368 5079 quem
