3226 5488
227 274 239 317 i

251 403 313 464 sos
355 400 554 484 neuneu
576 397 830 469 cucusum
854 395 1051 465 conrtm
1073 395 1388 461 Acnnnnneos
1405 367 1553 465 mum.

189 530 191 535 ⁵
249 540 341 615 detis,
364 539 493 623 iuquam
515 539 671 610 arridens,
696 538 838 600 laudibus
862 538 949 602 meis.
993 539 1058 603 Sed
1080 538 1229 621 quoniam
1246 535 1285 598 de
1306 535 1555 624 Alypiicoustan-

250 632 293 696 tia
316 634 375 695 ism
399 654 563 708 securus,
585 631 662 695 nihil
685 653 756 694 eum
777 630 892 707 timeo,
930 645 962 694 ut
986 655 1047 697 vos
1069 653 1197 716 quicque
1220 631 1294 717 mihi
1318 630 1440 714 gratias
1462 631 1555 715 agatis,

248 728 374 790 instruo
397 748 456 791 vos
480 729 631 793 aduersus
647 723 745 798 illum,
763 725 818 808 qui
839 737 955 790 tautam
972 727 1175 791 intentionem
1191 736 1318 788 vestrae
1333 725 1556 804 exspectationis

252 820 397 882 offendit.
456 819 574 904 Legite
600 819 831 895 Academicos,
867 833 900 884 et
921 844 1017 904 qssssm
1039 821 1082 882 ibi
1106 820 1262 884 victorem
1284 818 1378 902 (quid
1402 817 1481 879 enim
1500 819 1556 880 laci·

251 912 349 994 lius?)
380 911 508 974 istarum
540 933 695 996 nugarum
720 911 911 983 Ciceronem
934 915 1138 986 inveneritis,
1173 924 1309 996 cogatur
1340 912 1405 972 iste
1443 931 1461 970 a
1489 913 1557 997 rolris

165 1009 175 1057 ἠ
248 1008 334 1069 hisne
366 1017 508 1069 nostrum
546 1027 723 1069 sermonem
761 1020 873 1071 contra
906 1008 960 1070 illa
992 1007 1113 1074 invicta
1146 1006 1331 1068 defendere.
1387 1006 1480 1067 Hanc
1499 1005 1555 1080 tibi,

248 1098 360 1179 Alypi,
385 1102 494 1173 duram
518 1101 694 1167 mercedem
716 1121 778 1180 pro
801 1122 868 1163 rues
890 1102 968 1165 salsa
990 1101 1081 1167 laude
1102 1100 1248 1163 restituo.
1294 1101 1361 1162 Hic
1384 1121 1481 1183 quum
1501 1101 1558 1160 arri-

246 1191 380 1266 sissent,
405 1193 500 1254 finem
521 1203 625 1254 tantae
649 1193 858 1257 conflictionis
882 1190 985 1257 utrum
1010 1178 1223 1256 firmissimum
1242 1193 1374 1268 nescio,
1413 1180 1560 1256 modestius

201 1354 206 1365 ,
231 1299 352 1350 ,tausen
375 1296 407 1348 et
429 1285 520 1349 citius
542 1308 637 1371 quam
659 1308 864 1379 speraveram
886 1288 1031 1355 fecimus.

749 1569 1085 1593 *nu—-

592 1945 989 2013 onsnnvnmouss
1013 1948 1238 2042 toronos.
1345 1915 1348 1921 ’

322 2138 422 2196 Acdd.
444 2149 476 2208 1,
496 2148 531 2207 5,
552 2146 578 2200 7.
597 2149 695 2194 vivere
715 2143 884 2214 auctoritas]
905 2144 972 2216 ch.
992 2142 1112 2199 videtur:
1142 2149 1242 2212 vigere,
1268 2163 1296 2196 a.
1317 2142 1371 2197 cfr.
1395 2148 1440 2208 2.,
1473 2149 1503 2209 5,
1529 2152 1558 2199 ll.

248 2223 355 2270 soritae
368 2251 386 2261 -
397 2251 415 2262 -
426 2223 587 2288 viguerunt.
601 2248 638 2259 —
651 2225 678 2284 2,
693 2224 721 2284 2,
732 2221 760 2276 6.
770 2225 902 2289 pomaria
916 2217 978 2271 dedi
992 2237 1042 2291 pro
1051 2226 1188 2291 pomeria.
1201 2250 1239 2261 -
1252 2227 1279 2284 2,
1292 2225 1361 2285 w.
1388 2222 1485 2273 Latent
1497 2219 1557 2273 iuliis

229 2284 352 2346 ‘semina
383 2294 562 2364 pulcherrimi
584 2292 657 2344 illins
679 2298 813 2346 carminis
837 2296 1021 2348 Petrarchici:
1058 2294 1121 2347 Una
1140 2295 1234 2346 donna
1249 2294 1302 2366 piri
1318 2295 1395 2346 bella
1413 2289 1488 2346 assai
1504 2293 1554 2345 cde'i

248 2368 321 2420 Sole.
343 2398 381 2412 -·-
399 2375 435 2432 2,
454 2374 488 2432 3,
509 2377 539 2428 8.
558 2369 592 2419 de
610 2369 756 2436 Religione
775 2372 873 2440 scripsi
894 2387 959 2441 pro:
980 2370 1013 2421 ds
1033 2370 1165 2438 Regi'one.
1187 2401 1221 2412 -
1243 2377 1279 2434 2,
1301 2375 1333 2436 7,
1356 2379 1405 2431 18.
1432 2367 1557 2440 Ecquando

248 2442 311 2496 dedi
335 2462 391 2517 pro
417 2445 456 2495 Et
480 2444 606 2515 quando,
640 2460 772 2516 perpetuo
793 2444 842 2497 iilo
861 2444 955 2515 librar.
977 2464 1076 2499 errore.
1098 2475 1134 2487 -
1153 2452 1190 2511 2,
1211 2453 1242 2508 7,
1265 2450 1309 2503 19.
1329 2453 1408 2519 (pag.
1429 2451 1490 2502 211.
1506 2461 1555 2496 Vtri·

248 2519 312 2582 ult.)
329 2525 424 2590 patris
443 2520 555 2591 similis]
576 2525 617 2572 sic
627 2526 726 2591 scripsi
745 2523 809 2591 (pro
825 2527 907 2591 patri
924 2523 1054 2587 similior)
1075 2536 1104 2603 nt
1123 2537 1165 2575 est
1185 2541 1209 2575 r.
1229 2523 1257 2578 9.
1277 2520 1311 2573 ab
1331 2521 1386 2575 ult.
1407 2537 1478 2594 pag,
1494 2535 1558 2573 esre·

136 2599 152 2676 Ι·
249 2598 334 2665 quirit
355 2612 470 2667 sequens
490 2614 516 2668 p.
537 2599 610 2660 242,
631 2603 658 2651 2.
676 2597 776 2659 ,similis
795 2601 862 2651 eius.
883 2626 921 2639 --

325 2670 415 2724 thid.
442 2690 520 2742 quem
545 2670 655 2743 cepisti]
682 2672 777 2742 Imago
803 2666 946 2743 desumpta
974 2687 1015 2724 est
1040 2672 1073 2723 ab
1093 2672 1173 2724 hoste
1194 2687 1293 2744 eapt03
1323 2669 1375 2724 cir.
1399 2673 1423 2739 i.
1444 2677 1486 2729 27.
1508 2670 1555 2722 sus

249 2762 331 2798 seusu
358 2748 553 2800 Benedictini:
587 2765 665 2816 quem
691 2752 814 2819 coepisti.
840 2776 878 2788 -
897 2736 936 2811 Ι2,
962 2754 995 2812 8,
1023 2752 1067 2805 21.
1086 2726 1207 2818 sisgeni]
1235 2747 1290 2800 Alii
1307 2744 1444 2816 flegiam.
1466 2746 1553 2796 Fuitne:

240 2818 385 2892 fugabo?
418 2821 499 2893 idque
526 2839 575 2893 pro
602 2821 768 2873 soloecismo
795 2822 898 2875 habens
922 2829 1032 2894 ineptus
1053 2823 1171 2893 aliquis,
1204 2827 1315 2895 scripsit
1327 2820 1477 2892 fugiam?
1493 2813 1554 2887 Quod

251 2913 364 2963 rursus,
383 2896 431 2950 sed
451 2903 541 2950 minus
561 2895 678 2951 feliciter
696 2888 849 2951 correxerii
870 2899 954 2961 alius,
972 2896 1088 2968 fugem.
1106 2928 1146 2941 -
1164 2904 1201 2964 ὅ,
1223 2903 1255 2963 5,
1276 2906 1319 2955 11.
1340 2898 1463 2949 Proteus
1480 2891 1554 2946 iradi-

138 2983 140 2986 ’
249 2982 297 3025 tur
316 2992 348 3025 eo
367 2974 457 3025 solers
476 2978 553 3044 capi,
574 2991 625 3043 quo
644 2978 755 3023 minime
774 2975 934 3046 caperetur]
954 2972 973 3028 f.
993 2980 1056 3043 capi
1074 2974 1237 3038 videretur,
1256 2973 1298 3026 vel
1318 2973 1475 3045 simplicius
1492 2966 1554 3019 vidt-

250 3056 337 3103 reiur.
357 3079 395 3090 —
416 3055 447 3112 3,
477 3055 508 3114 7,
539 3051 584 3106 16.
611 3053 691 3118 qiiasi
710 3048 798 3105 libera
817 3050 913 3121 turbu]
933 3051 1023 3122 Lego:
1057 3071 1081 3120 q.
1102 3049 1196 3102 Liberi
1215 3047 1305 3112 swid
1326 3065 1386 3112 est,
1415 3046 1517 3101 Bacchi.
1532 3047 1553 3103 d,

247 3130 308 3187 10,
331 3131 376 3180 22.
396 3123 516 3174 eiusdem
535 3124 664 3195 molibus]
684 3120 749 3175 fort.
770 3124 967 3176 eiimdemmodi
985 3125 1109 3177 niolitus.
1129 3155 1167 3165 --
1185 3130 1217 3190 5,
1239 3132 1291 3188 11,
1318 3127 1364 3181 26.
1385 3125 1436 3174 vel
1451 3121 1503 3170 ulla
1518 3133 1554 3166 sa-

250 3200 368 3271 lumnia]
389 3198 407 3253 f.
428 3218 477 3249 nec
496 3218 522 3251 u.
543 3218 566 3251 c.
585 3230 622 3242 -
646 3205 681 3263 5,
713 3205 766 3266 15,
799 3205 845 3259 55.
870 3201 921 3250 sed
947 3218 1001 3270 qua
1027 3218 1111 3251 manu
1136 3198 1253 3252 iaculati
1277 3199 1388 3269 snmus]
1414 3199 1472 3251 Nisi
1490 3190 1554 3263 signi·

249 3274 329 3341 licat,
359 3274 475 3341 „eadem
499 3291 603 3339 mann,
629 3289 682 3344 qus
707 3272 759 3328 n‘os
783 3279 836 3329 iae.
863 3292 974 3340 snmus,
1000 3275 1034 3328 sb
1059 3275 1222 3328 adversariis
1243 3288 1284 3327 est
1301 3271 1485 3346 csceprnm’',
1502 3263 1552 3318 mut

190 3347 199 3420 ¹,
251 3356 348 3422 utique
368 3350 526 3409 sententid;
545 3350 640 3403 malim
661 3349 811 3420 equidem,
830 3351 881 3403 ssd
897 3369 950 3422 quo
969 3369 1053 3402 manu
1072 3351 1194 3402 iaculato
1208 3350 1350 3425 (passive,
1380 3365 1412 3401 nt
1440 3341 1504 3417 apud
1523 3357 1552 3392 ss·
1580 3404 1581 3407 Ἴ

248 3429 336 3478 riores
360 3425 435 3478 'hand
461 3422 551 3498 raroz)
580 3425 679 3475 nudati
698 3443 799 3478 siamus.
820 3456 855 3469 -·
875 3433 908 3492 5,
936 3433 990 3491 17,
1017 3433 1062 3486 58.
1081 3424 1275 3495 dedidicisset]
1294 3422 1400 3477 Bened.
1422 3421 1550 3474 dedicisset.
1580 3420 1581 3439 l

250 3500 346 3567 Talia,
365 3522 388 3553 v.
411 3519 435 3554 c.
448 3498 609 3568 'lugurienti
627 3499 729 3553 Beued.
746 3507 780 3566 5,
802 3508 853 3567 11,
874 3503 917 3559 26.
933 3519 981 3572 pro
995 3502 1151 3569 ligurienti,
1165 3503 1328 3573 'Augustino
1347 3503 1395 3551 vix
1415 3496 1495 3551 tribui
1505 3505 1551 3566 pot·
1580 3568 1581 3573 1

90 3536 112 3577 1.
153 3609 160 3617 »
250 3593 324 3630 sunt.
343 3581 504 3645 -5,17,
523 3581 569 3639 59.
589 3582 644 3627 nisi
663 3577 742 3649 quale
761 3582 819 3647 ipse
839 3576 1003 3649 definiebat]
1022 3575 1177 3630 Delendum
1197 3574 1305 3631 videtur
1324 3579 1392 3629 nisi.
