3188 5492
363 912 418 986 u.
452 886 683 1003 nouum
721 896 1078 987 cicuuouis
1163 867 1188 899 ”

660 1065 746 1120 'DE

93 1162 783 1316 uinissus‘uouonuu
829 1206 930 1314 us
973 1198 1352 1318 utnuouuu

486 1408 650 1471 ainau
687 1414 942 1484 Qntuuus.

755 1550 757 1557 ,
824 1526 832 1541 x

591 1580 594 1591 Ι
610 1558 830 1578 nuncu—-

580 1719 584 1731 .
758 1726 761 1733 .
863 1730 868 1749 ,
1378 1708 1390 1739 s

58 1774 85 1837 l.
108 1776 139 1837 Ι.
164 1716 299 1876 Quum
313 1769 490 1838 attdissem¹
505 1769 720 1845 Antiochum,
739 1770 858 1846 Brute,
875 1780 912 1832 ut
923 1768 1081 1846 solebat2,
1100 1793 1170 1834 cnm
1185 1773 1239 1838 M.
1251 1772 1387 1852 Pisone,
1491 1794 1493 1801 ⁴

58 1871 133 1937 ineo
149 1867 338 1957 gymnasio,
355 1867 445 1949 qnod
455 1865 695 1943 Ptolemaeum³
707 1875 862 1943 vocatur,
886 1885 1011 1948 unaque
1026 1866 1191 1930 nobiscum
1205 1866 1248 1947 Q.
1267 1868 1387 1946 frater,

58 1979 87 2030 et
97 1969 138 2030 Τ.
150 1961 365 2044 Pomponius,
380 1973 412 2024 et
422 1961 467 2025 L.
481 1956 600 2023 Cicero
608 1960 633 2034 ⁴,
647 1958 879 2034 insternentes,
894 1958 1089 2042 cognatione
1101 1959 1266 2041 patruelis,
1280 1955 1391 2026 amose
1407 2018 1412 2033 ,
1454 1954 1460 1971 ⁸

58 2080 240 2143 germanum
254 2054 476 2121 constituimus
490 2053 574 2117 inter
588 2075 666 2127 uos,
684 2061 720 2114 ut
735 2049 979 2117 ambulationem
991 2053 1294 2133 postmeridianam⁵
1309 2077 1390 2122 eon.
1478 2130 1481 2144 1

55 2153 212 2217 liceremus
230 2151 263 2219 itt
281 2147 471 2224 Academia,
497 2146 631 2210 maxime
653 2148 741 2228 quod
758 2146 786 2209 is
809 2148 900 2210 loeus
916 2147 956 2208 ab
976 2146 1062 2209 ouini
1076 2150 1169 2210 turba
1185 2147 1220 2211 id
1232 2149 1387 2232 temporis

56 2268 168 2311 uacuus
185 2256 286 2310 esset.
321 2245 437 2328 Itaque
456 2244 495 2305 ad
508 2252 632 2324 tempus
651 2243 691 2303 od
709 2240 862 2305 Pisonem
877 2261 1000 2307 omnes.
1033 2241 1112 2305 Inde
1128 2242 1220 2306 vatio
1239 2265 1388 2311 sermone

9 2420 10 2423 Ἴ
55 2341 172 2411 uexilla
187 2342 231 2405 ab
245 2337 390 2421 Dipylof‘
415 2335 513 2401 stadia
532 2335 739 2432 qonlecimus.
785 2335 891 2415 Quum
914 2347 1020 2400 autem
1036 2338 1229 2423 venissemus
1249 2337 1282 2399 in
1301 2337 1387 2401 Aea.

57 2434 185 2499 demiae⁷
201 2454 269 2497 non
283 2433 350 2497 sine
370 2452 465 2495 causa
480 2427 645 2495 nobilitata
663 2428 784 2510 spatia,
807 2428 948 2492 solitudo
962 2441 1031 2492 erat
1046 2450 1104 2505 ea,
1129 2452 1223 2514 quam
1236 2430 1387 2497 voluero-

56 2551 129 2593 mus.
173 2529 206 2591 2.
234 2526 318 2590 Tium
329 2526 429 2601 Piso,
446 2525 611 2589 Naturane
626 2521 719 2586 nobis
731 2523 814 2598 hoe,
828 2520 949 2608 inquit,
964 2525 1071 2609 datum
1083 2523 1204 2599 dicam,
1223 2545 1261 2588 an
1274 2546 1389 2593 errore

57 2623 205 2708 quodam:
224 2632 285 2706 ut,
306 2620 424 2705 quum8
440 2639 476 2682 ea
498 2619 570 2681 loca
588 2615 771 2692 videamus,
788 2615 963 2703 inquibus
980 2617 1132 2682 anemoria
1156 2615 1271 2702 dignos
1295 2619 1386 2685 viros

57 2716 267 2799 acceperimus
290 2717 423 2777 multum
446 2733 515 2776 esse
536 2723 704 2787 versatos,
729 2710 829 2796 magis
852 2732 1058 2787 moveamur,
1083 2734 1175 2797 quam
1193 2711 1220 2775 si
1236 2713 1409 2796 quand0⁹.
1475 2792 1482 2803 .

56 2810 321 2892 earumipsarum
344 2818 399 2870 aut
420 2808 504 2875 laeta
527 2806 700 2881 audiamus,
726 2817 780 2868 aut
802 2806 954 2889 seriptum
971 2805 1102 2892 aliquod
1116 2806 1285 2890 legamus?
1304 2808 1408 2872 Vel·,

56 2917 88 2968 ut
104 2925 166 2989 ego
190 2922 282 2989 'nunc
308 2922 457 2981 moveor.
509 2898 610 2963 Venit
639 2899 719 2962 enim
741 2900 819 2963 mihi
840 2899 1022 2965 Platonis¹⁰
1044 2901 1075 2963 in
1098 2913 1253 2965 mentem:
1290 2923 1386 2987 quem

56 2998 229 3080 accepimus
258 2994 405 3078 primum·
418 2996 471 3060 hic
493 2994 655 3076 disputare
678 2993 826 3058 solitum:
865 2993 956 3058 euius
977 2993 1072 3059 etiam
1089 2994 1142 3069 xilli
1164 2996 1285 3061 hortuli
1305 3018 1387 3079 pno-

55 3091 156 3178 pinqui
177 3112 245 3167 non
262 3089 447 3159 memoriam
469 3088 573 3154 solum
595 3087 880 3165 mihiafferun111,
905 3092 962 3153 sed
975 3089 1079 3173 ipsum
1095 3089 1243 3153 videntur
1258 3090 1289 3153 iu
1307 3112 1388 3157 eou-

8 3206 10 3261 ζ
56 3196 159 3268 spectu
177 3205 251 3250 meo
273 3187 445 3268 ponerem.
500 3182 565 3247 Hic
587 3181 803 3264 Speusippus,
837 3182 892 3247 hie
911 3185 1136 3258 Xenocrates,
1166 3182 1306 3251 hieeius
1330 3205 1387 3248 au-
1446 3188 1450 3209 ¹

8 3266 10 3281 ’
56 3281 133 3345 ditor
153 3281 314 3354 Polemo;
344 3279 432 3345 euius
460 3278 566 3363 ipsa¹³
588 3275 643 3338 illa
664 3276 765 3341 sessio
786 3277 865 3354 fuit,
922 3300 994 3343 uam
1017 3279 1173 3341 videmus.
1225 3277 1385 3361 Equidem

56 3374 141 3438 etiam
157 3362 280 3437 curiam
308 3385 472 3459 nostram,
503 3368 689 3454 (Hostiliam
708 3301 992 3448 dico„nonl1ane
1014 3395 1151 3448 novam,
1175 3395 1257 3457 quae
1280 3372 1386 3436 minor

55 3465 397 3544 mihistmmvinetnr,
421 3480 630 3551 posteaquam
649 3479 698 3531 est
712 3467 846 3547 maion3)
869 3467 1010 3533 solebam
1022 3467 1160 3545 intuens,
1186 3466 1383 3551 Scipionem,
1459 3512 1479 3519 --

56 3560 227 3638 Catonem,
253 3561 416 3638 Laelium,
441 3573 588 3625 nostrum
609 3561 741 3625 veroin
763 3560 873 3643 primis
897 3584 990 3627 avum
1005 3561 1165 3647 cogitare.
1211 3559 1386 3647 'santonis

55 3653 276 3720 admonitionis
291 3653 372 3717 inest
389 3654 420 3717 in
435 3654 536 3731 loeis,
560 3662 596 3717 nt
618 3676 682 3718 non
705 3652 771 3716 sine
783 3675 891 3719 «caiisa
914 3677 956 3717 ex
978 3653 1027 3717 his
1040 3653 1217 3727 ,memoriae
1234 3657 1329 3719 ducta
1346 3655 1388 3722 sit

8 3756 10 3775 '
55 3746 226 3831 disciplina.
270 3747 303 3811 3.
327 3749 411 3810 Tum
439 3748 594 3830 Quintus,
619 3750 680 3815 Est
698 3748 810 3831 plane,
835 3749 936 3825 Piso,
960 3760 996 3812 ut
1019 3748 1115 3825 dieis,
1137 3748 1252 3833 inquit.
1301 3750 1384 3815 Nam

56 3862 100 3904 me
113 3841 215 3925 ipsum
225 3843 288 3907 huc
302 3846 399 3906 modo
413 3842 587 3906 venientem
606 3845 817 3909 convertebat
835 3845 874 3907 ad
895 3864 964 3906 sese
985 3842 1150 3909 Coloneus
1169 3845 1222 3908 ille
1245 3844 1384 3912 locus¹⁵2

57 3935 138 3999 euius
155 3936 261 4001 incola
284 3937 464 4019 Sophocles
483 3939 527 4001 ob
543 3938 656 4002 oculos
683 3936 895 4001 pensabatur:
920 3959 1014 4022 quem
1035 3937 1099 4001 scis
1116 3959 1210 4021 quam
1230 3937 1385 4014 admirer,
1440 3992 1442 4002 .

57 4049 206 4113 quamque
222 4051 262 4094 eo
278 4031 431 4095 delecter.
475 4031 534 4094 Me
555 4030 743 4116 quidem'ad
761 4031 906 4095 altiorem
926 4031 1110 4098 memoriam
1128 4032 1304 4114 Oedipodis
1322 4033 1387 4095 huc

72 4126 1388 4149 mm

126 4169 165 4240 (¹)
183 4175 249 4221 oum
274 4166 345 4222 Cdd.
372 4171 402 4225 Ρ.
426 4173 459 4225 V,
480 4170 513 4222 L.
531 4170 568 4224 D.
589 4172 624 4223 G.
635 4157 682 4223 Χι·
700 4170 871 4222 audivissem
891 4172 937 4225 Cr.
959 4173 1001 4226 M.
1023 4182 1048 4228 1.
1069 4179 1096 4227 2.
1147 4171 1186 4246 (9)
1204 4189 1242 4227 eo
1260 4172 1385 4224 solebam
1474 4208 1479 4221 .

55 4238 85 4294 Ι..
102 4244 144 4309 (ιιι
162 4242 258 4296 volunt
276 4244 386 4299 Victor.
406 4246 551 4311 Bromius,
570 4243 620 4318 G.)
667 4245 704 4314 (³)
726 4245 774 4301 Sic
793 4250 834 4301 ln.
854 4246 890 4301 G.
912 4250 939 4301 2.
956 4261 995 4299 oo
1012 4247 1213 4300 Ptolemaeium
1238 4250 1270 4301 V.
1290 4242 1386 4301 Μ.Ἰ..

55 4314 88 4369 D.
105 4346 142 4360 -
158 4317 329 4371 Ptolemm
347 4321 380 4374 P.
400 4327 435 4377 l..
473 4320 511 4388 (4)
536 4336 575 4373 oo
593 4322 629 4391 Q.
639 4318 746 4391 frater
764 4332 879 4387 noster,
898 4321 932 4379 T,
961 4321 1145 4395 Pomponius,
1172 4322 1205 4376 L.
1226 4323 1323 4377 Cicero
1342 4324 1385 4387 P.‚

56 4405 83 4443 nt
100 4391 207 4446 volebat
226 4393 263 4448 G.
283 4401 352 4462 (om.
372 4393 434 4449 scil.
455 4395 538 4468 gloss.
557 4402 678 4461 noster.)
715 4394 754 4471 (⁵)
774 4396 859 4464 „Alii
876 4394 980 4471 (Crat.)
999 4414 1037 4451 co
1051 4398 1290 4469 pomeridianam,
1312 4396 1387 4470 qnod

55 4470 178 4521 usitatius
191 4473 230 4524 ait
250 4472 279 4522 in
299 4468 424 4524 Oratore
443 4468 571 4525 Cicero.”
590 4473 651 4527 Μο.
678 4470 716 4546 (ὅ)
735 4490 800 4526 cum
820 4470 890 4531 cdd.
911 4472 947 4527 G.
969 4477 1054 4530 2.,=
1073 4492 1092 4524 a
1109 4475 1150 4541 D·
1165 4477 1267 4528 Ceteri.
1295 4473 1335 4542 (⁷)
1348 4503 1387 4516 -

55 4541 231 4598 Academiam
249 4546 281 4599 P.
302 4546 343 4599 lu.
364 4547 406 4600 M.
427 4545 509 4600 Grnt.
529 4545 567 4621 (⁸)
586 4573 625 4592 ·-
643 4547 754 4618 palaredo
773 4547 825 4603 cd.
844 4547 987 4621 Stephani.
1009 4547 1047 4616 (⁹)
1066 4578 1104 4593 ι-
1123 4557 1189 4601 onte
1209 4564 1260 4623 pro
1273 4548 1386 4620 picando

56 4615 122 4674 le.
147 4619 179 4673 P.
202 4645 242 4664 -
267 4630 318 4672 aut
343 4619 394 4676 cd.
424 4621 521 4695 Steph.
547 4623 580 4678 V.
631 4621 681 4697 (10)
708 4653 745 4667 -
770 4623 854 4676 Plato
873 4624 905 4678 P.
953 4621 1003 4698 (¹¹)
1022 4650 1061 4667 ·-·
1079 4619 1203 4694 affirm
1223 4627 1289 4678 Ero.
1309 4642 1386 4696 susp.

56 4690 103 4764 (Ρ)
121 4709 185 4748 eum
204 4693 275 4750 edd.
294 4695 341 4750 Cr.
371 4700 405 4751 V.
432 4696 468 4751 D.
498 4695 581 4770 Seqq.
601 4722 637 4738 -
657 4716 718 4751 usco
743 4697 788 4751 laic
803 4719 833 4772 p.
853 4700 885 4754 P.
904 4700 949 4754 M.
967 4699 1001 4753 Ι..
1040 4698 1092 4767 (13)
1112 4716 1177 4752 eom
1192 4699 1267 4757 cdd.
1286 4702 1319 4755 P.
1338 4700 1388 4754 Cr.

56 4766 86 4818 V·
104 4767 144 4821 M.
164 4769 194 4823 L.
214 4775 241 4826 2.
262 4799 299 4816 ·-
319 4787 377 4826 om.
396 4777 459 4844 ipsa
477 4788 543 4825 enm
564 4771 634 4826 Cdd.
653 4773 688 4827 D.
709 4760 746 4816 -ἶ
765 4775 817 4827 illa
830 4780 894 4845 ipsa
911 4778 978 4833 Ero.
999 4782 1025 4833 1.
1044 4802 1084 4818 --
1101 4779 1190 4846 ipsius
1209 4775 1260 4827 illa
1280 4794 1294 4829 e
1314 4773 1386 4833 Cdd.
1421 4834 1426 4851 Κ

57 4840 90 4894 G.
125 4836 174 4911 (sl)
193 4862 257 4898 cnm
277 4845 347 4901 Cdd.
368 4846 404 4902 G.
423 4867 461 4906 ε
480 4847 548 4899 milas·
568 4854 661 4901 minor
681 4848 783 4904 cetero
814 4849 875 4924 ,(¹⁵)
894 4879 932 4896 -
952 4850 1073 4904 Calenus
1091 4855 1111 4903 Ι.
1131 4850 1150 4906 1.
1169 4851 1290 4909 Meursli
1310 4868 1385 4924 susp.
1424 4854 1432 4881 l

55 4940 91 4957 ·-
108 4918 225 4972 Calamis
249 4922 313 4987 ills,
343 4927 421 4975 eadm
439 4928 460 4977 i.
488 4922 597 4978 Bremli
630 4941 706 4997 susp.
731 4950 771 4968 --
807 4926 944 4979 Coloneus
971 4925 1020 4978 ille
1047 4927 1125 4979 luem
1150 4926 1212 4996 vel,
1239 4926 1332 4982 deleto
1360 4946 1386 4983 v.

58 4987 184 5046 moesus
201 4998 371 5072 simplicitet
389 4996 437 5051 illo
455 4999 531 5051 lomes
551 4999 722 5057 Valckenaea
741 4999 776 5056 ad
797 5000 907 5057 callim
926 5021 955 5076 p.
972 5005 1039 5063 oto

891 5188 971 5236 ψ,
