3226 5488
251 426 315 495 318
686 424 832 493 PETRI
852 426 1129 493 VALENTIAE

250 574 467 637 demonstrant
489 578 521 633 et
543 567 735 632 Plutarchus
755 566 895 632 tradidit
940 566 1100 633 Fatetur
1090 566 1215 633 interim
1235 565 1267 632 in
1289 565 1396 652 aliqua
1415 570 1451 631 ad
1468 567 1530 632 Atti·

249 687 320 729 cum
350 664 506 746 epistola¹
535 660 651 727 Cicero
673 661 844 727 Antiochia
866 663 919 726 illa
940 665 1066 727 decreta
1086 662 1291 727 vehementer
1321 682 1392 725 esse
1411 657 1570 740 πιθανά,

248 760 367 835 idest,
402 755 594 864 probabilia.
652 756 760 835 Varro
783 766 888 819 autem
910 757 962 820 ille
984 758 1206 822 Romanorum
1228 756 1426 820 doctissimus
1446 756 1533 819 Antio·

249 855 345 916 chum
365 851 465 935 magis
487 851 665 932 probabat,
703 859 739 912 nt
767 860 799 913 et
821 848 939 916 Cicero
963 849 1138 915 Varroni
1128 851 1190 933 apsi
1212 850 1360 931 scripsit²
1368 893 1378 925 ,
1401 859 1430 910 et
1449 848 1532 923 exis,

250 966 332 1031 quae
354 940 398 1008 ιιι
416 944 553 1007 eiusdem
576 944 660 1008 libro
682 945 722 1006 de
744 942 950 1026 philosophia
972 944 1017 1010 D.
1041 943 1240 1027 Augustinus
1263 944 1381 1018 affert,
1403 942 1534 1004 manifeste

251 1038 461 1122 comperitur.
492 1038 579 1100 Ecce
602 1037 683 1100 enim
705 1036 885 1099 universam
907 1036 1061 1102 Antiochi
1079 1037 1236 1101 rationem
1258 1057 1300 1099 ex
1320 1035 1474 1099 Varronis
1485 1056 1534 1097 sen·

250 1135 348 1198 tentia
370 1134 409 1195 ab
431 1130 616 1215 Augustino
639 1129 848 1211 descriptam:
882 1152 1016 1215 namque
1031 1130 1077 1194 sic
1092 1130 1175 1193 ait³a
1198 1131 1389 1211 „Quomodo
1411 1130 1535 1192 Varrcis

251 1248 292 1290 co
314 1220 399 1290 libco
421 1228 527 1308 (quem
550 1227 588 1286 de
609 1223 817 1305 philosophia
836 1224 978 1306 scripsit)
999 1224 1189 1288 enumeratis
1212 1246 1249 1286 ac
1269 1222 1438 1288 consmatis
1450 1219 1535 1284 ceteris

251 1321 388 1386 omnium
420 1319 685 1401 pbilosophorum
712 1315 807 1380 sectis
832 1339 924 1380 unam
947 1317 1054 1401 eligit,
1091 1338 1185 1400 quam
1215 1317 1284 1378 vult
1306 1337 1378 1380 esse
1400 1315 1536 1380 Acade-i·

175 1483 178 1489 ,
250 1437 361 1478 coriam
383 1425 547 1488 veterum,
579 1432 661 1497 quos
684 1433 701 1473 a
723 1410 860 1474 Platone
880 1411 1041 1475 instinctos
1062 1431 1164 1495 usque
1186 1412 1226 1472 ad
1246 1411 1468 1487 Polemonem,
1500 1411 1535 1494 qti

250 1509 370 1572 abillo
392 1518 524 1590 quartus
546 1504 614 1568 eius
636 1503 776 1567 scholam
797 1504 917 1579 tenuit,
940 1524 1020 1590 quae
1042 1503 1215 1567 Academia
1229 1503 1311 1565 dicta
1331 1517 1398 1580 est,
1421 1505 1534 1567 habuisse

250 1612 337 1664 certa
360 1603 510 1684 dogmata
532 1599 601 1662 vult
622 1596 746 1661 videri:
778 1609 810 1659 et
832 1600 874 1660 ob
896 1599 959 1662 hoc
982 1596 1145 1682 distinguit
1165 1599 1205 1659 ab
1226 1597 1428 1661 Academicis
1447 1598 1534 1672 nous,
1575 1590 1576 1675 l

249 1694 364 1778 quibus
383 1692 504 1756 incerta
525 1703 596 1755 sunt
618 1691 735 1755 omnia.
778 1691 876 1771 Quod
896 1691 1119 1774 philosophiae
1142 1710 1243 1777 genus
1264 1693 1305 1754 ab
1323 1693 1466 1755 Arcesila
1484 1712 1535 1753 coe

248 1788 296 1871 pit
318 1807 504 1852 successore
526 1784 731 1849 Polemonis:
748 1803 898 1869 ‘eaanque
919 1797 1054 1861 sectam,
1088 1786 1211 1862 idest,
1235 1797 1379 1861 veterum
1404 1784 1535 1850 Academi·

248 1902 381 1957 ιοιιιιιι,
419 1881 501 1945 sicut
536 1878 747 1954 dubitatione,
782 1877 828 1940 ita
858 1899 970 1943 errore
997 1880 1083 1943 omni
1104 1901 1214 1944 carere
1236 1880 1409 1944 arbitretur
1430 1880 1535 1959 (Varro)

150 1960 153 1979 ¹
250 1975 382 2060 longum
405 1986 454 2039 est
475 1972 659 2058 peremnia
681 1976 897 2035 demonstrare
920 1972 1004 2037 cet.'’

328 2071 378 2132 Et
409 2071 487 2132 haec
519 2067 645 2151 quidem
666 2066 818 2146 “symbola
845 2067 962 2129 collata
991 2089 1010 2129 a
1037 2067 1131 2131 nobis
1157 2080 1227 2134 esto
1249 2067 1281 2132 in
1302 2065 1535 2131 Academiearuu
1575 2126 1576 2151 ,

247 2163 303 2235 M.
327 2161 425 2224 Tullii
447 2160 663 2244 quaestionum
686 2159 936 2237 elucidationem,
972 2183 1052 2246 quae
1075 2162 1200 2247 quidem
1228 2163 1254 2226 si
1281 2164 1321 2225 ad
1344 2183 1404 2225 nos
1424 2161 1535 2242 integrae
1575 2180 1576 2233 ι

248 2256 488 2340 pervenissent,
511 2254 598 2318 nulla
619 2273 637 2315 a
661 2252 755 2317 nohis
775 2253 846 2317 lnce
867 2253 1058 2340 indigerent.
1103 2257 1301 2320 Absolverat
1322 2255 1405 2319 enim
1427 2253 1534 2325 Cicero,

248 2361 284 2414 ut
312 2350 380 2432 ipse
407 2348 518 2412 Attico
548 2345 691 2420 seritur,
726 2346 946 2419 Academicam
970 2370 1093 2412 omnem
1115 2350 1332 2434 quaestionem
1362 2349 1451 2411 libris
1469 2354 1536 2428 quat·

250 2456 346 2517 tuor,
379 2443 424 2505 ita
452 2453 617 2515 accurate;
655 2444 803 2525 (namque
835 2441 881 2504 sic
909 2442 965 2523 ait)
994 2452 1029 2506 ut
1053 2443 1129 2506 nihil
1150 2454 1261 2526 posset
1282 2465 1394 2525 supra.
1446 2442 1479 2505 In
1495 2439 1534 2513 iis,

249 2558 330 2622 quae
352 2546 442 2599 crant
463 2546 574 2598 contra
595 2529 831 2625 ἀκαταληψίαν
851 2535 1013 2616 praeclare
1037 2535 1168 2599 collecta
1192 2538 1231 2598 ab
1254 2536 1440 2610 Antiocho,
1473 2534 1535 2595 Var·

248 2631 323 2697 roni
345 2633 492 2704 dederat,
530 2630 570 2692 ad
592 2648 627 2690 ea
649 2626 717 2710 ipse
738 2631 950 2709 respondebat
971 2630 1116 2695 Philonis
1138 2642 1243 2712 partes
1266 2651 1381 2713 agens.
1436 2625 1534 2691 Tertius

248 2725 281 2789 in
302 2743 449 2788 sermone
471 2732 538 2785 erat
559 2719 698 2785 Atticus.
741 2722 852 2804 Atque
874 2723 952 2784 haec
973 2722 1098 2806 quidem
1119 2721 1150 2785 in
1173 2726 1309 2787 secunda
1332 2722 1467 2787 editione
1485 2719 1535 2782 illo·

249 2840 322 2882 rum
342 2818 498 2881 librorum
527 2816 617 2893 (duas
640 2813 723 2876 enim
743 2813 833 2893 lecit)
854 2835 1011 2896 personae
1031 2816 1171 2881 inerant.
1223 2819 1261 2881 In
1292 2817 1403 2899 priore
1424 2814 1471 2878 alii
1488 2811 1535 2874 col·

248 2912 476 2996 loquebantur.
518 2909 558 2972 Id
580 2928 679 2990 quare
701 2907 886 2985 mutaverit,
910 2910 1022 2973 Attico
1045 2909 1137 2973 etiam
1159 2909 1287 2975 indicat.
1331 2912 1367 2974 Is
1386 2909 1463 2972 liber
1475 2909 1535 2971 Aea·

131 3080 134 3095 Ι
248 3004 444 3069 demicornm
467 3004 507 3065 ad
526 3003 709 3066 Varronem
730 3001 784 3084 qui
804 3023 864 3065 nee
884 3002 1009 3088 integer
1029 3015 1146 3080 restat,
1170 3007 1323 3069 secundae
1337 3000 1478 3067 editionis
1490 2996 1534 3082 pri·
1574 3030 1575 3071 ι

249 3120 318 3161 mus
340 3099 488 3160 babetur.
531 3092 686 3159 Lucullus
707 3095 824 3177 prioris
847 3096 993 3161 editionis
1016 3108 1085 3174 est,
1109 3097 1140 3162 in
1162 3099 1350 3182 quaqnarti
1373 3096 1444 3161 libri
1457 3095 1534 3157 locun

248 3193 395 3267 tenebat,
430 3190 477 3253 uti
509 3211 551 3254 ex
577 3189 617 3253 iis
645 3210 725 3273 qnae
754 3211 795 3253 ex
822 3190 878 3255 illo
908 3191 1056 3274 producit
1083 3194 1206 3259 Nonius
1228 3194 1412 3261 conficitur.
1454 3192 1534 3271 Atque
1573 3213 1575 3264 l

248 3287 413 3370 bucmqne
441 3282 735 3348 commentationem
766 3286 866 3347 hanc
878 3286 1033 3349 deducere
1044 3288 1312 3351 decreveramus.
1366 3290 1457 3352 Nunc
1478 3299 1533 3344 vero

249 3379 398 3464 quoniam
424 3378 469 3440 ita
499 3398 622 3441 omnem
650 3377 720 3441 lere
743 3380 781 3441 de
803 3377 932 3443 criterio
954 3378 1119 3442 historiam
1142 3379 1352 3444 absolutum
1342 3380 1385 3443 tri
1407 3375 1533 3442 existina-

249 3493 338 3547 mus,
363 3470 614 3552 Cyrenaicorum
637 3482 669 3534 et
690 3470 824 3556 Epicuri
845 3473 884 3535 de
906 3473 1013 3537 eadem
1036 3473 1223 3559 quaestione
1246 3472 1417 3537 sententias
1431 3462 1534 3534 auctarii

227 3642 229 3649 Α
252 3565 381 3630 nomine
405 3565 576 3649 adiungere
596 3566 712 3647 placet.

334 3658 519 3741 Aristippus
542 3655 725 3743 Cyrenaeus
757 3656 896 3721 Socratis
924 3659 1136 3724 familiaris
1109 3682 1174 3726 ιιιιι
1198 3660 1345 3727 factionis
1368 3669 1460 3742 caput
1476 3652 1532 3726 luit,

249 3771 332 3837 quae
353 3753 394 3814 ab
419 3752 474 3815 illo
497 3750 689 3837 Cyrenaico
719 3764 930 3834 nuncupatur.
988 3755 1051 3818 Hic
1079 3755 1241 3840 ipsiusque
1273 3769 1444 3820 sectatores
1465 3747 1532 3813 crite

247 3845 331 3909 rium
355 3843 498 3907 veritatis
520 3842 563 3910 τὰ
585 3840 686 3926 πάθη
707 3844 875 3919 dixerunt,
898 3845 1018 3924 idest,
1041 3848 1210 3913 interiores
1234 3849 1417 3914 affectiones
1436 3857 1465 3909 et
1481 3860 1533 3923 per·

248 3937 425 4002 motiandsz
462 3938 638 4022 dequibus
670 3937 745 4001 solis
774 3939 866 4022 quod
886 3940 955 4003 sint
976 3941 1067 4004 liceat
1093 3943 1322 4024 pronuntiare,
1360 3946 1399 4005 de
1422 3941 1456 4004 iis
1474 3949 1531 3998 vert

237 4053 330 4117 ,quae
352 4044 444 4096 ιιιῐιι
470 4044 544 4095 stant
571 4034 686 4108 rebus,
723 4033 783 4095 etsi
805 4033 987 4098 affectiones
1017 4035 1098 4117 ipsas
1125 4038 1216 4100 nobis
1242 4036 1411 4099 immittunt
1439 4043 1531 4110 uosque

248 4138 455 4234 permovent,
479 4137 581 4189 tamen
603 4137 743 4189 statuere
758 4146 822 4188 non
836 4147 933 4207 posse
951 4142 1173 4214 praeterquam
1194 4133 1280 4214 quod
1303 4130 1346 4192 ita
1368 4129 1532 4192 videantur:
1573 4192 1574 4199 χ

250 4241 346 4305 quum
366 4221 447 4284 enim
468 4221 531 4285 alio
557 4223 653 4284 modo
675 4221 802 4282 eaedem
823 4241 875 4282 res
897 4220 976 4284 alios
998 4235 1090 4306 atque
1117 4225 1196 4287 alios
1219 4223 1370 4299 afficiant,
1395 4243 1449 4284 ιιιι
1468 4233 1530 4278 ⁰0¹⁰·
1573 4210 1574 4225 ¹

249 4335 342 4377 mune
370 4314 447 4398 quid
468 4313 509 4379 sit
537 4331 601 4398 qun
631 4313 825 4376 iudicentur:
860 4313 963 4377 omnia
993 4316 1118 4399 quidem
1149 4316 1308 4380 exteriora
1338 4337 1408 4378 esse
1436 4297 1529 4378 ἄκατᾶ·

249 4409 379 4488 ληπτα,
409 4407 442 4469 id
463 4417 530 4483 est,
553 4404 902 4511 incomprehensibilia,
927 4405 1097 4485 interiora,
1121 4408 1155 4472 id
1177 4421 1242 4485 est,
1268 4409 1446 4473 affectiones
1466 4417 1529 4463 cora·

136 4574 139 4583 s
249 4499 415 4585 prehendi.
446 4501 496 4566 lta
508 4520 602 4585 quum
612 4521 682 4584 quis
692 4500 855 4581 voluptate
864 4501 1036 4564 autdolnre
1046 4502 1216 4577 afficiatur,
1233 4502 1381 4566 delectari
1392 4522 1424 4563 se
1435 4492 1528 4559 autd

249 4595 316 4660 lere
325 4596 409 4659 hand
421 4593 514 4656 dubie
524 4593 626 4676 possit
637 4594 813 4657 affirmare.
833 4592 914 4657 sitne
926 4593 979 4657 illa
991 4616 1042 4658 res
1056 4616 1137 4681 quae
1153 4596 1350 4678 voluptatem
1361 4580 1524 4657 concitavit.

199 4784 204 4795 s
252 4753 1520 4790 w

325 4877 363 4951 (¹)
382 4878 417 4932 ad
436 4884 494 4936 Au.
513 4887 566 4957 15,
585 4888 631 4945 19.
655 4885 691 4953 (²)
711 4883 745 4938 ad
764 4886 823 4939 Att.
843 4891 898 4960 15,
918 4891 973 4958 12,
995 4887 1089 5005 15(3
1087 4886 1163 4962 >De
1182 4892 1260 4944 olvit.
1277 4885 1370 4945 Duil
1388 4885 1429 4944 19·
1445 4872 1521 4948 33133

251 4950 291 5021 (3)
310 4951 372 5007 Lib
393 4961 442 5028 15,
465 4961 510 5018 16·
