3252 5490
434 451 437 459 ,
506 402 672 497 muti,
716 401 914 469 omns.
1060 432 1106 443 -f
1318 406 1441 473 ns*

60 551 168 618 auimo.
183 584 225 603 -.
245 540 346 613 Immo
365 543 467 611 videri
481 531 642 609 fortasse.⁴
668 545 749 611 Esse
759 527 867 617 enirn,
892 542 952 609 uisi
973 543 1068 624 eris¹,
1092 566 1159 610 non
1174 557 1280 630 potes.
1314 548 1380 628 ont

60 659 153 710 autern
171 665 238 709 esse
258 641 400 725 poteris,
423 641 530 704 uisite
549 661 638 704 amor
655 640 723 723 ipse
742 637 890 722 ceperit?
912 641 1000 725 quod
1013 661 1082 709 mon
1097 644 1274 707 subducta²
1292 645 1380 708 utili·
1486 645 1490 655 '
1594 642 1595 653 ’

59 740 125 803 tatis
136 738 259 803 ratione
275 736 474 812 efficinolet,
496 737 553 798 sed
570 734 673 818 ipsum
690 757 707 798 a
728 736 783 798 se³
800 734 904 798 oritur
921 747 953 798 et
971 757 1026 799 sata
1042 729 1158 817 sponte
1178 737 1381 801 nescitum-
1478 742 1487 781 ἵ

59 837 101 898 At
121 831 200 895 enirn
218 826 338 916 se‘quor
360 831 539 894 utilitatem.
558 861 600 889 r-
622 829 770 894 Manebit
788 850 868 913 ergo
888 828 1023 892 amicitia
1042 841 1105 894 tam
1121 831 1196 908 diu,
1218 853 1311 935 quarn
1327 833 1382 897 diu
1439 876 1447 881 -

59 925 219 1009 sequetur‘*
232 926 368 990 utilitas:
385 936 428 1000 et,
446 924 472 988 si
486 924 600 1003 utilitas
613 923 779 988 amicitiam
795 924 977 1000 constituet,
994 925 1089 995 tollet
1111 927 1231 989 eadem.
1257 928 1308 991 79.
1319 928 1383 990 Sed

59 1021 128 1107 quid
148 1042 223 1106 ages
245 1024 393 1097 tandem,
416 1018 443 1083 si
465 1019 583 1082 utilitas
606 1021 646 1081 ab
668 1016 804 1081 amicitia
827 1018 876 1097 (nt
897 1016 932 1079 fit
954 1021 1064 1101 saepe)
1086 1019 1284 1084 defecerit⁵i
1313 1021 1381 1085 Re·

60 1114 239 1201 linquesue?
255 1135 335 1200 qnae
350 1113 409 1176 ista
426 1111 563 1175 amicitia
578 1111 648 1175 est?
671 1109 863 1176 Retinebis?
885 1111 939 1194 qni
955 1111 1131 1176 convenit?
1153 1113 1230 1196 quid
1245 1113 1326 1178 edim
1342 1118 1382 1178 de

60 1209 185 1274 amicitia
207 1207 369 1283 statueris,
392 1205 535 1269 utilitatis
557 1226 651 1268 causa
674 1203 885 1286 expetenda⁶‚
910 1205 1011 1272 vides.
1054 1208 1123 1279 „Ne
1145 1207 1176 1269 in
1199 1209 1305 1291 odium
1324 1231 1381 1272 ve·
1426 1256 1428 1263 .
1506 1202 1510 1211 ’

44 1302 155 1379 niam,
168 1302 195 1367 si
217 1303 351 1366 amicum
373 1299 525 1363 destitero
546 1297 664 1369 tueri.”
709 1298 852 1363 Primum
874 1299 1013 1362 aurisia
1034 1320 1086 1363 res
1109 1300 1202 1386 digna
1219 1303 1379 1388 odiolest,

59 1398 112 1462 nisi
132 1399 219 1482 quod
241 1407 290 1460 est
311 1393 439 1477 turpis?
468 1394 567 1473 Quod
587 1392 633 1466 si,
664 1413 705 1455 nc
728 1393 814 1476 quo⁷
836 1392 1039 1457 incommodo
1063 1386 1215 1471 afficiare,
1240 1417 1305 1461 non
1327 1406 1383 1460 re·

59 1491 172 1577 linques
195 1491 353 1554 amicuma
376 1500 501 1560 tamen,
524 1508 564 1550 ne
582 1487 649 1550 sine
664 1486 773 1549 intuetu
787 1485 934 1572 alligatus
949 1485 1011 1561 sis,
1038 1498 1072 1550 ut
1086 1489 1261 1563 moriatur,
1287 1495 1381 1571 opta·
1433 1494 1437 1501 '

60 1586 114 1648 bis.
143 1582 251 1666 Quid?
275 1583 322 1649 si8
344 1586 528 1648 non-modo
550 1581 718 1645 utilitatem
741 1580 800 1644 tibi
813 1581 932 1643 nullam
948 1581 1081 1657 afferet,
1107 1586 1163 1646 sed
1178 1580 1319 1647 iactttrae
1333 1584 1385 1663 roi

63 1679 213 1745 familiaris
236 1688 331 1742 erunt
350 1672 535 1753 faciundae,
559 1677 689 1741 labores
712 1674 924 1758 suscipiendi,
949 1677 1125 1739 adeundum
1147 1677 1233 1741 vitae
1254 1677 1383 1758 pericu-
1469 1712 1478 1727 x

64 1774 140 1836 inm:
161 1774 209 1838 ne'
221 1785 290 1837 tum
313 1771 438 1857 quidem
460 1781 492 1834 te
513 1769 685 1853 respicies,
710 1780 743 1834 et
766 1769 925 1855 cogitabis
942 1770 1003 1833 sibi
1017 1792 1175 1855 quemque
1191 1781 1296 1867 natum
1314 1791 1384 1835 esse

65 1879 91 1931 et
110 1867 170 1932 suis
199 1864 446 1948 voluptatibus?
481 1866 606 1930 Vadem
628 1874 660 1926 te
682 1865 879 1928 ad‘mortem
901 1875 1038 1944 tyranno
1061 1865 1153 1928 dahis
1176 1887 1236 1948 pro
1259 1865 1381 1942 amice,

64 1974 93 2024 ut
112 1962 337 2047 Pythagoreus
359 1959 413 2023 illc
437 1959 545 2023 Siculo
566 1959 645 2022 feeit
666 1958 914 2039 tyranno⁹,ant
935 1958 1074 2037 Pylades
1096 1981 1192 2043 quum
1211 1960 1272 2034 sis,
1296 1959 1384 2025 dices
1442 1948 1450 1975 ²

64 2067 90 2121 te
110 2076 174 2119 esse
198 2056 366 2129 Orestem,
389 2066 426 2118 ut
447 2053 583 2119 moriare
606 2074 669 2135 pro
687 2049 821 2122 amieo?
853 2063 923 2127 aut,
948 2051 976 2115 si
998 2074 1083 2116 esses
1106 2055 1260 2130 Orestes,
1285 2055 1385 2134 Pyla·

64 2151 124 2210 dem
143 2147 328 2224 refelleres,
354 2158 385 2211 te
407 2146 587 2211 indicares?
609 2161 658 2224 et,
683 2147 709 2210 si
730 2147 764 2209 id
783 2167 850 2211 non
871 2148 1052 2230 probares,
1076 2149 1266 2241 quominus
1283 2151 1384 2215 ambo

64 2264 117 2307 una
136 2241 347 2318 necaremini,
372 2263 438 2306 non
460 2245 669 2324 deprecarere
678 2238 729 2304 ¹⁰?
931 2241 933 2245 ’

137 2338 253 2401 XXV.
279 2338 332 2400 80.
350 2337 487 2400 Faceres
502 2346 537 2399 tn
552 2336 696 2421 quidem,
722 2337 905 2422 Torquate,
930 2337 1009 2401 haee
1029 2337 1150 2402 omnia.
1191 2338 1282 2402 Nihil
1301 2335 1384 2401 eninr
1486 2336 1491 2342 ’
1532 2374 1538 2383 -

65 2432 193 2495 arbitror
223 2436 340 2516 magna
369 2432 462 2494 laude
491 2432 640 2517 dignum,
676 2433 763 2515 quod
793 2442 823 2494 te
853 2432 1151 2514 praetermissurum
1182 2436 1307 2498 credam
1331 2444 1391 2511 aut

65 2525 187 2601 mortis,
213 2537 268 2588 aut
287 2523 409 2587 doloris
425 2535 523 2588 metu.
544 2590 547 2596 ,
567 2526 642 2588 Non
659 2525 821 2609 quaeritur
836 2537 958 2601 autem,
982 2527 1059 2610 quid
1073 2508 1204 2591 natura‘e
1219 2540 1291 2592 tuae
1306 2549 1389 2592 con·

66 2632 236 2686 sentaneum
259 2619 328 2692 sit,
344 2621 400 2682 sed
422 2621 497 2704 quid
519 2618 730 2701 disciplinae.''
765 2618 864 2684 Ratio
883 2620 963 2696 ista,
988 2643 1082 2705 quam
1104 2621 1266 2699 defendis,
1283 2642 1388 2704 prae·

66 2726 165 2795 cepta,
183 2734 266 2798 quae
283 2710 435 2789 didicisti,
452 2730 533 2797 qnae
548 2715 685 2796 probas,
708 2712 851 2777 funditus
867 2725 1015 2778 evertunt
1031 2714 1217 2791 amicitiam3
1241 2717 1389 2802 qttarnvis·
1443 2706 1448 2715 ⁵

67 2827 124 2871 eam
145 2806 326 2890 Epicurus,
365 2818 400 2872 ut
421 2808 517 2884 iacit,
552 2804 584 2869 in
607 2807 728 2873 caeluni
751 2807 863 2869 efferat
885 2808 1043 2872 laudibus.
1066 2845 1108 2856 —-
1129 2811 1176 2873 At
1198 2811 1296 2877 coluit
1317 2812 1387 2894 ipse

68 2902 218 2973 amicitias.
235 2936 280 2947 -
301 2901 422 2983 *Quin
440 2922 574 2988 quaeso,
592 2901 680 2963 illum
695 2903 827 2986 negat¹¹
841 2912 875 2963 'et
889 2903 1008 2965 bonttm
1027 2902 1141 2979 viriam,
1166 2914 1198 2966 et
1214 2906 1337 2968 domem
1346 2907 1385 2982 ¹²,
1440 2930 1445 2939 ·

68 3011 94 3063 et
121 3003 287 3067 humanum
319 2995 441 3064 fuisset
473 2998 524 3060 De
554 2993 683 3079 ingenio
715 2994 781 3059 eius
809 2994 843 3057 in
863 2995 912 3057 his
935 2996 1219 3078 disputationibus,
1255 3020 1319 3063 non
1338 3001 1406 3063 ,ts

69 3096 197 3162 moribus
222 3095 401 3184 quiescitur.
447 3089 495 3154 Sit
515 3089 577 3153 ista
598 3089 629 3152 in
654 3090 852 3153 Graecorum
868 3089 997 3169 lepitate
1012 3091 1226 3173 perversitas,
1250 3095 1305 3179 qni
1320 3116 1391 3157 maa-1

68 3187 183 3256 ledictis·
200 3193 398 3256 insectantur
421 3181 496 3260 eos,
522 3183 678 3273 aquibus
701 3184 740 3246 de
762 3183 898 3247 veritate
920 3184 1119 3251 dissentiunt.
1163 3189 1229 3252 Sed
1243 3188 1392 3272 quamvis

69 3285 157 3349 comis
178 3286 211 3350 in
234 3281 379 3350 amicitiis
402 3279 525 3344 tuendis
546 3277 661 3351 suerit,
684 3276 810 3352 tamen,
831 3277 862 3352 si
883 3279 963 3342 haec
984 3300 1061 3343 vera
1082 3294 1172 3358 sunt,
1197 3283 1287 3364 (nihil
1307 3284 1391 3348 enim

70 3377 208 3461 affirmm)
230 3401 298 3444 non
320 3376 395 3441 satis
416 3386 526 3437 acutus
549 3371 623 3434 fuit.
642 3406 684 3418 -
705 3370 751 3433 At
767 3372 871 3435 multis
888 3392 921 3436 se
936 3373 1101 3456 probavit.
1124 3413 1166 3424 -
1187 3379 1241 3441 81.
1259 3380 1302 3442 Et
1317 3377 1390 3463 qui·

71 3471 132 3532 dem
144 3473 211 3536 inre
221 3475 247 3515 ¹³
262 3473 421 3537 fortasse:
437 3470 494 3530 sed
508 3478 612 3529 tamen
627 3462 932 3548 nomgmvissimum
954 3479 1001 3530 est
1017 3469 1233 3533 testimonium
1248 3472 1392 3536 multitu·

72 3564 155 3630 dinis.
171 3567 210 3630 ln
226 3562 313 3633 omni
327 3563 409 3628 enim
423 3575 504 3637 arte,
522 3561 574 3627 vel
586 3558 702 3636 studio,
716 3560 769 3623 vel
780 3559 893 3663 quavis
900 3562 928 3601 ¹⁴
943 3562 1084 3638 scientia,
1102 3565 1189 3647 rel1⁵
1199 3564 1229 3627 in
1241 3565 1311 3648 ipsa
1323 3566 1390 3637 vit·-

345 3655 445 3666 .-—
482 3651 772 3663 ”ona—unman-
827 3652 1393 3674 ..m—m

137 3676 173 3752 (t)
192 3708 230 3722 ..
247 3683 305 3730 nisi
324 3682 364 3728 sis
382 3673 431 3730 Cd.
450 3674 556 3727 Ursini.
604 3674 643 3739 (²)
670 3672 718 3726 Sic
744 3671 816 3726 021.
850 3672 958 3727 Nonius
978 3679 1008 3729 in
1028 3694 1053 3730 v.
1073 3677 1231 3733 mtbduoere.
1252 3679 1339 3754 (Mo.)
1360 3682 1394 3738 L.
1440 3678 1442 3681 ¹

72 3746 102 3805 D.
119 3751 195 3826 Seqq.
215 3783 254 3797 -
273 3752 323 3804 suh
342 3750 425 3803 dubia
444 3753 546 3807 Ceteri.
585 3747 622 3821 (³)
642 3763 679 3801 eo
698 3767 734 3800 ex
753 3765 782 3798 se
802 3746 955 3822 Cdd..aliq.
977 3745 1065 3809 V.'D.
1079 3754 1126 3806 Br.
1165 3754 1204 3826 (4)
1216 3783 1255 3800 --
1267 3764 1393 3829 sequitur

74 3823 144 3881 Grut,
168 3834 219 3882 ent,
248 3845 357 3903 typogr.
395 3824 432 3893 (⁵)
451 3854 490 3868 -
508 3823 656 3879 dissederat
681 3824 748 3877 Eru.
769 3840 842 3894 susp.
890 3824 926 3892 (⁶)
949 3855 983 3869 -
1003 3847 1028 3881 v.
1048 3828 1111 3882 util.
1131 3849 1154 3882 c.
1175 3840 1266 3902 expet.
1287 3833 1341 3889 del.
1358 3834 1415 3891 L.-

74 3926 106 3943 -
120 3903 153 3957 D.
172 3904 218 3977 [].
266 3904 305 3972 (⁷)
325 3922 340 3956 s
360 3900 428 3955 Cdd.
451 3901 532 3955 Grut.
552 3900 633 3972 Seqq.
652 3928 691 3942 -
709 3898 773 3950 odio
793 3899 855 3950 esti
880 3900 957 3951 Num
975 3903 1043 3971 pisid
1059 3912 1102 3955 est
1120 3913 1218 3977 turpe,
1245 3914 1301 3960 nisi
1319 3909 1394 3982 quod

74 3977 130 4031 eut
145 3984 188 4045 si,
208 3999 243 4032 ue
262 3998 315 4051 quo
334 3982 374 4032 in.
394 3979 425 4031 P.
445 3977 479 4030 V.
501 3975 543 4030 Μ.
561 4004 600 4019 -·
618 3974 683 4026 odio
702 3977 764 4026 est?
783 3975 928 4046 Numquid
941 3987 1000 4038 est,
1020 3985 1076 4052 '²²3¹'
1089 3981 1163 4052 quod
1173 3990 1256 4054 turpe
1268 3987 1332 4036 est?
1350 3990 1391 4051 si,
1441 3972 1453 3984 ’

75 4058 142 4103 neri
158 4054 329 4107 incommodo
349 4053 458 4126 quidem
476 4053 508 4104 L.
528 4049 558 4107 C.
590 4050 648 4120 „(⁸)
667 4049 715 4102 Sic
735 4050 808 4122 01¹.
828 4052 874 4104 Br.
895 4052 931 4106 G.
951 4081 987 4095 -
1007 4055 1090 4124 Quod
1107 4062 1133 4108 si
1157 4058 1259 4113 Ceteri.
1312 4060 1394 4131 (seh.
1434 4086 1449 4129 ῃ
1489 4100 1503 4111 a

76 4130 98 4179 2.
114 4129 232 4205 multus.)
270 4128 308 4203 (⁹)
328 4148 344 4203 e
363 4127 431 4185 Cdd.
447 4128 490 4181 'G.
509 4146 548 4180 =
558 4122 638 4197 fecit
657 4126 713 4178 Sic.
732 4134 792 4199 tyr.
811 4127 911 4182 Ceteri.
930 4155 969 4171 ·-
988 4130 1043 4183 Sic.
1064 4140 1124 4204 tyr.
1144 4131 1176 4187 de
1196 4135 1233 4188 D.
1254 4141 1393 4191 sententia
1475 4134 1487 4141 “

60 4196 116 4254 ‘Bt
134 4203 179 4277 [].
197 4221 235 4260 oo
252 4215 265 4257 t
288 4223 379 4256 ranno
399 4218 559 4276 suspectum
578 4201 705 4282 Grutero·
720 4218 747 4255 et
766 4201 833 4255 Ern.
881 4203 934 4271 (¹⁰)
955 4204 1002 4257 Sic
1022 4223 1155 4261 contextu
1175 4209 1324 4266 manifesto
1339 4212 1395 4264 lla-

78 4279 170 4347 qitante
196 4283 225 4335 P.
286 4320 294 4335 .
321 4281 354 4335 L.
391 4279 493 4332 Sensus
518 4276 553 4329 ad
580 4275 655 4333 idem
680 4274 772 4344 redit,
800 4275 875 4349 qood
894 4295 957 4332 vera
976 4280 1062 4334 lectIo
1082 4281 1154 4337 iufra
1174 4285 1234 4340 Lib.
1255 4293 1281 4345 5.
1301 4289 1326 4356 ᾗ.
1345 4290 1393 4351 65,

78 4351 148 4405 ambo
164 4361 203 4407 sie
221 4372 278 4408 wia
297 4360 435 4408 srdoarier
450 4371 601 4426 precamur
620 4352 712 4406 offert.
732 4380 765 4395 -
788 4370 846 4403 non
862 4358 1033 4424 precarrre?
1052 4358 1161 4420 Cotem
1184 4378 1236 4432 qua
1251 4361 1399 4417 tamentdg.

79 4432 173 4483 unone
192 4422 397 4504 perversissima
417 4430 546 4483 Goerena
567 4433 597 4481 in
617 4427 693 4482 Add.
713 4426 746 4480 ad
767 4445 880 4481 sensum
899 4447 974 4482 reete
995 4431 1117 4502 iudicat,
1143 4434 1190 4488 sed
1211 4430 1321 4491 solocee
1339 4438 1394 4515 leg.

80 4511 210 4575 proponit:
230 4526 293 4578 -qno
312 4506 393 4558 ambo
413 4522 469 4556 nna
494 4509 683 4570 necaremini,
711 4520 768 4555 raon
782 4507 955 4575 precarem?
983 4505 1094 4563 deberet
1116 4528 1175 4563 esse
1196 4521 1227 4563 ut
1246 4514 1337 4567 ambo.
1356 4543 1396 4561 -.

81 4592 127 4628 uon
141 4599 284 4651 precante
311 4587 370 4635 sine
396 4586 539 4651 interrog„
565 4578 594 4631 id
619 4594 680 4633 est:
709 4584 876 4644 „omitteres
904 4584 1038 4654 precari.''
1064 4587 1192 4660 Stieglitz
1218 4588 1252 4643 de
1278 4589 1397 4642 Pacuvii

82 4650 216 4708 Duloreste
234 4676 262 4731 p.
284 4665 347 4716 112.
368 4670 465 4710 eontra
487 4660 574 4709 totius
593 4654 650 4706 loci
671 4653 943 4721 conformationem,
975 4673 1043 4728 quae
1064 4660 1118 4714 hoc
1138 4680 1246 4734 quoque
1266 4664 1396 4719 linter-

83 4738 278 4804 togatrequirit.
316 4737 371 4800 (-·
397 4750 450 4805 qno
474 4748 527 4782 vos
554 4730 635 4785 autho
661 4748 717 4781 rina
743 4738 826 4796 nec.,'
852 4736 1081 4803 comprecatam?
1112 4737 1218 4791 Davisii
1248 4739 1397 4816 suspicio.)

85 4801 126 4866 (¹¹)
144 4805 186 4860 Sic
205 4826 219 4861 e
238 4813 360 4882 vestigiis
381 4807 450 4865 Cdd.
472 4811 546 4878 (quis
564 4810 644 4876 quasi
662 4806 740 4857 illum
759 4811 859 4875 negat)
880 4807 913 4861 de
932 4806 966 4863 D.
988 4807 1017 4864 Ε.
1040 4811 1075 4864 G.
1094 4841 1132 4854 ’-
1145 4812 1236 4883 Quasi
1247 4822 1307 4887 quis
1321 4817 1399 4875 illum

85 4883 274 4945 regeremur.
312 4884 363 4952 (¹²)
383 4911 422 4925 -
440 4899 582 4934 commune
602 4880 670 4934 Cdd.
691 4881 755 4952 aliq.
776 4889 823 4946 (·-
842 4884 1109 4939 commnnemdubia
1124 4886 1157 4942 G.
1173 4896 1262 4964 susp.)
1290 4890 1341 4967 (¹³)
1360 4923 1400 4942 ι-

86 4953 111 4999 is
126 4971 179 5007 rem
197 4957 262 5015 Cdd.
281 4959 372 5012 multi.
393 4960 424 5011 P.
444 4958 477 5011 V.
516 4959 567 5024 (ὓ)
587 4972 626 5010 oo
644 4962 744 5028 quavis
763 4955 816 5012 del.
837 4974 934 5031 putant
954 4959 990 5019 D.
1009 4960 1077 5016 Ero.
1098 4963 1143 5018 Br.
1184 4965 1234 5034 (rs)
1255 4997 1293 5013 ,,,
1314 4977 1346 5025 „p
1364 4967 1399 5027 p,

87 5021 116 5081 D·
132 5025 159 5086 Ε.
176 5032 239 5088 Ean.
262 5044 286 5092 l.
306 5036 343 5089 G.
364 5034 424 5102 (hle
439 5036 564 5098 insitus.)
