3226 5488
236 378 302 495 ἰιι
681 435 824 500 earm
847 435 1128 500 venantiae

127 616 135 625 -
237 593 317 658 quac
349 573 512 655 propriam
543 576 698 659 quandam
730 577 883 640 baberent
913 576 1156 640 declarationem
1186 597 1294 640 earum
1317 597 1443 651 rerum,
1475 600 1534 661 quiae

238 668 442 731 viderentur:
477 669 510 733 id
533 681 637 733 autem
661 670 762 734 visum
785 693 881 755 quum
903 669 1006 753 ipsum
1025 682 1232 746 cerneretur,
1256 669 1534 753 comprehensibile,
1585 706 1587 731 ι

234 760 347 825 seretis
370 760 472 824 baec?
508 763 579 826 Nos
602 756 699 840 vero',
724 764 875 847 inquam,
900 785 1037 848 quonam
1059 764 1142 827 euim
1164 767 1262 829 modo
1283 761 1488 843 καταληπτὸν
1504 765 1537 827 di·

236 854 354 918 ceres?
387 857 452 920 Sed
484 877 580 939 quum
603 868 766 939 acceptum
789 858 849 921 ianr
872 869 904 922 et
925 859 1140 940 approbatum
1162 869 1265 933 ιιιοι,
1298 857 1537 939 comprehensio·
1586 902 1587 917 ι

236 968 307 1010 ιιοιι
330 949 529 1030 appellabat,
553 951 685 1014 similem
707 952 744 1016 iis
766 953 861 1016 rebus
884 973 966 1036 quae
991 974 1085 1014 manu
1106 953 1401 1034 prehenderentur:
1433 973 1471 1014 ex
1488 972 1536 1034 qno

237 1040 330 1106 etiam
356 1063 469 1105 nornen
492 1044 555 1107 hoc
578 1047 731 1121 duxerat,
763 1066 860 1131 quum
883 1067 923 1109 eo
945 1048 1048 1109 verbo
1071 1057 1161 1110 antea
1185 1068 1276 1110 nemo
1299 1046 1330 1109 in
1354 1045 1411 1108 tali
1430 1066 1463 1108 re
1482 1065 1537 1107 ιιιιι
1586 1084 1587 1091 1

238 1145 364 1210 esset„
379 1136 596 1222 plurimusque
629 1137 710 1201 idem
741 1138 833 1203 novis
864 1137 972 1202 verbis
1005 1142 1102 1218 (nova
1131 1139 1211 1202 enim
1240 1139 1381 1218 dicebat)
1405 1160 1474 1200 usus
1492 1148 1537 1199 est.

238 1227 335 1305 Quod
364 1241 467 1293 autem
495 1243 565 1294 erat
593 1253 687 1295 sensu
715 1235 999 1316 comprehensum,
1038 1232 1070 1295 id
1091 1232 1193 1313 ipsum
1217 1254 1341 1295 sensum
1366 1231 1537 1315 appellabat.

237 1323 309 1397 Er,
331 1322 358 1384 si
379 1323 421 1386 ita
446 1336 515 1388 erat
536 1328 799 1408 comprehensum
822 1340 857 1389 ιιι
879 1325 1018 1390 convelli
1039 1326 1160 1390 ratione
1184 1347 1248 1390 non
1269 1328 1423 1407 posset¹,
1458 1324 1539 1387 seien-

236 1416 327 1491 tiam,
352 1417 401 1480 sin
424 1419 526 1496 aliter,
550 1419 745 1484 inscientiam
761 1421 966 1486 nominabat:
991 1442 1032 1483 ex
1053 1442 1116 1505 qua
1131 1423 1297 1483 exsisteret
1318 1416 1415 1482 etiaim
1437 1417 1537 1501 opinio,

237 1525 422 1665 quaelsset
442 1514 600 1577 imbecilla
622 1526 653 1578 et
674 1538 745 1578 cum
760 1515 852 1578 ‘falso
873 1513 1103 1599 incognitoque
1136 1513 1323 1578 communis.
1385 1514 1449 1575 Sed
1476 1512 1539 1573 inter

236 1602 319 1665 scien
348 1626 395 1666 am
418 1618 450 1667 et
470 1606 664 1670 inscientiam
686 1609 1003 1691 comprehensionem
1027 1609 1112 1671 illam
1134 1612 1227 1692 quam
1250 1607 1333 1682 dixi,
1360 1608 1537 1679 collocabat,

237 1716 369 1782 eamque
404 1720 507 1784 neque
535 1700 569 1764 in
597 1702 694 1765 rectis
716 1723 819 1786 neque
841 1701 872 1763 in
896 1701 1003 1782 pravis
1026 1703 1230 1775 enumerabat,
1265 1704 1322 1764 sed
1343 1702 1409 1764 soli
1430 1703 1539 1763 creden·

236 1792 311 1852 dum
333 1813 403 1854 esse
433 1793 570 1864 dicebat.
629 1797 657 1858 E
681 1817 746 1879 quo
768 1796 913 1859 sensibus
935 1795 1027 1858 etiam
1050 1797 1142 1859 fidem
1164 1796 1345 1869 tribuebat,
1385 1796 1486 1878 qnod,
1516 1802 1540 1853 ut

235 1905 333 1964 supra
356 1885 438 1960 dixi,
463 1889 706 1969 comprehensio
727 1889 822 1952 facta
835 1891 979 1953 sensibus
1002 1903 1034 1954 et
1058 1913 1131 1953 vera
1154 1912 1222 1953 esse
1245 1891 1291 1953 illi
1305 1901 1339 1952 et
1351 1888 1456 1949 tidelis
1472 1885 1540 1947 ride·
1585 1946 1586 1959 ,

234 1981 348 2042 batur:
387 2003 450 2044 non
481 1985 569 2066 qnod
597 1984 702 2046 omnia
724 2005 806 2068 quae
835 1995 939 2046 essent
960 1983 993 2046 in
1015 2005 1050 2046 re
1072 1985 1377 2065 comprehenderet,
1412 1985 1466 2044 sed
1485 1980 1541 2064 quia

235 2074 312 2136 nrlril
335 2079 422 2160 quod
452 2079 632 2141 caderem
651 2099 717 2140 eam
740 2090 866 2184 posset,
906 2078 1123 2181 relinqueret,
1162 2081 1312 2163 quodque
1335 2089 1449 2138 natura
1471 2072 1540 2180 quasi
1585 2094 1587 2167 ι

235 2189 377 2232 normam
408 2169 557 2233 scientiae
589 2182 621 2234 et
651 2170 843 2277 principium
871 2171 919 2233 sui
949 2173 1110 2246 dedisset,
1156 2175 1237 2233 imile
1260 2184 1385 2276 postca
1414 2168 1540 2233 notiones

234 2282 342 2323 rerum
375 2264 405 2326 in
437 2264 548 2326 aniuris
577 2265 849 2346 imprimerentur,
886 2286 903 2327 e
932 2265 1045 2350 quibus
1079 2287 1140 2328 non
1165 2264 1319 2346 principia
1343 2265 1467 2337 solum,
1500 2261 1541 2323 sed

171 2372 174 2383 ·
231 2355 365 2419 latiores
389 2359 543 2441 quaedam
566 2361 605 2420 ad
626 2359 782 2423 rationem
804 2359 1023 2422 inveniendam
1045 2358 1116 2422 viae
1140 2359 1356 2440 reperiuntur.
1404 2360 1539 2420 Errnren

236 2461 338 2512 autem
362 2463 392 2512 et
414 2452 622 2515 temeritatem
645 2465 677 2516 et
700 2452 908 2538 ignorantiam
932 2464 964 2516 et
990 2453 1204 2535 opinationem
1227 2464 1258 2514 et
1279 2451 1501 2533 suspicionem,
1518 2458 1541 2509 et

186 2606 188 2615 ,
233 2565 299 2605 nno
321 2546 447 2608 nomine
469 2547 575 2610 cornia
598 2569 678 2631 quae
700 2560 806 2611 essent
827 2548 927 2611 aliena
955 2547 1078 2621 firmae,
1098 2558 1130 2608 ct
1152 2546 1324 2610 constantis
1348 2540 1539 2612 assensionis,

236 2636 392 2713 arirtute
415 2640 631 2726 sapientiaque
652 2641 876 2706 resnovebat.''
920 2643 1011 2705 Haec
1033 2643 1116 2723 apud
1134 2639 1323 2705 Ciceronem
1340 2640 1471 2701 Varro:
1497 2634 1539 2697 illo

235 2742 339 2794 autem
372 2734 473 2799 altero
505 2736 579 2800 loco
608 2736 678 2818 ipse
711 2736 874 2800 cieero2:
908 2737 976 2810 ,Et
1001 2737 1065 2799 hoc
1098 2734 1222 2817 quidem
1256 2732 1328 2813 (ait)
1352 2735 1446 2797 Zeno
1467 2739 1540 2815 gestu
1585 2726 1586 2789 ἦ

235 2827 445 2892 conficiebat:
484 2851 555 2891 nam
590 2852 685 2914 quum
716 2831 855 2893 extensis
885 2829 992 2913 digitis
1015 2831 1179 2891 adversam
1202 2844 1324 2890 manum
1349 2827 1537 2895 extenderat,

235 2920 362 2997 visum,
396 2923 575 3007 inquiebat,
605 2924 787 2988 huiusmodi
814 2937 883 2988 est:
921 2924 1032 2987 deinde
1056 2944 1152 3007 quum
1174 2916 1312 3003 paulirius
1335 2919 1459 3002 digitos
1478 2935 1539 2978 con·

235 3016 420 3089 strinxerat,
446 3038 590 3080 assensus
604 3019 802 3081 huiusmodi}
825 3030 892 3080 tum
908 3038 1002 3101 quum
1017 3018 1110 3099 plane
1126 3026 1378 3096 compresserat,
1401 3030 1539 3095 pugnum·

236 3110 458 3192 prefecerat,
484 3114 798 3193 comprehensionem
821 3113 904 3174 illam
929 3131 997 3174 esse
1018 3109 1155 3175 dicebat.
1201 3110 1273 3189 Qua
1295 3130 1336 3170 ex
1359 3102 1539 3168 similitudine

236 3204 329 3292 edam
352 3200 466 3269 bomin
490 3207 518 3269 ei
540 3207 586 3269 rei
609 3198 694 3291 quod
711 3218 800 3269 antea
815 3227 879 3269 non
894 3204 1015 3279 luerat,
1040 3199 1410 3293 κατάληψινίιιιροιιιίι.
1455 3198 1539 3276 Quen
1584 3240 1585 3247 λ

237 3282 339 3361 autem
363 3299 483 3362 laevam
507 3322 630 3363 manum
653 3322 765 3405 pugno
785 3303 987 3374 admoverat,
1025 3308 1058 3360 et
1089 3297 1175 3359 illum
1204 3317 1346 3380 pugnum
1371 3306 1441 3356 arte
1463 3292 1539 3353 vehe-

235 3403 419 3476 menterque
443 3406 695 3475 compresserat,
721 3393 881 3510 scientiam
904 3392 1000 3461 talem
1016 3412 1085 3454 esse
1100 3391 1241 3466 dicebat,
1267 3387 1355 3451 cuins
1378 3397 1538 3467 compotem

234 3486 293 3548 nisi
316 3490 488 3568 sapientem
513 3509 583 3551 esse
606 3487 794 3551 neminem.”
839 3485 954 3550 Cernis
977 3498 1058 3571 ergo
1082 3505 1146 3568 quo
1168 3484 1229 3546 ista
1247 3483 1359 3546 ordine
1381 3483 1539 3564 procedere

237 3580 337 3642 Stoici
363 3582 473 3647 velint.
519 3582 594 3646 Hoc
626 3603 758 3663 nempe:
782 3580 965 3663 phantasia,
1000 3577 1243 3659 comprehensio
1266 3589 1297 3639 et
1318 3598 1433 3639 sensns
1455 3586 1483 3638 et
1501 3593 1538 3635 as·

235 3694 363 3749 sensus,
398 3677 570 3752 memoria,
603 3676 744 3741 scientia.
798 3676 974 3738 Asseosum
1005 3684 1109 3734 autem
1131 3671 1204 3734 ideo
1226 3670 1266 3732 in,
1282 3670 1421 3753 imagine
1443 3686 1539 3749 appre-

147 3808 149 3813 »
235 3766 419 3831 hensionem
451 3774 644 3877 praecedere
677 3769 842 3850 suspicor,
875 3770 963 3872 quod
982 3765 1015 3828 in
1038 3765 1199 3848 plerisque
1221 3766 1384 3828 hominum
1406 3765 1438 3826 id
1457 3762 1539 3826 soleat

208 3862 210 3869 ’
236 3861 398 3939 accidere,
422 3863 467 3929 ita
487 3876 523 3926 ut
545 3865 646 3928 minus
666 3863 778 3925 firmus
800 3873 832 3926 et
853 3860 1001 3942 pertinax
1029 3880 1173 3921 assensus
1198 3879 1290 3942 quam
1312 3852 1537 3962 comprehensio

234 3954 297 4030 sit,
333 3956 358 4018 si
392 3959 556 4043 vrilgarem
586 3958 748 4025 hominum
774 3956 988 4020 conditionem
1012 3964 1151 4034 spectes
1194 3952 1371 4056 Namque
1362 3973 1394 4012 in
1405 3947 1553 4056 sapiente

236 4052 480 4130 comprehensio
504 4052 766 4133 approbationem
785 4051 949 4112 antecedat
966 4068 1095 4114 necesse
1117 4057 1187 4121 est,
1212 4057 1266 4109 aut
1288 4043 1415 4126 opinari
1434 4042 1537 4123 sapien·

233 4155 316 4218 tem,
356 4167 460 4229 aquo
491 4147 626 4215 maxime
654 4144 753 4208 Stoici
778 4146 963 4211 abhorrent.
1009 4141 1112 4205 Aiunt
1133 4130 1236 4206 ιιιίιίι3
1257 4159 1393 4221 peecare
1416 4133 1536 4203 homines

234 4239 306 4307 dum
322 4238 493 4319 phantasiis
509 4239 732 4313 assentiuntur,
751 4235 792 4303 δν
812 4242 851 4322 μ
854 4261 871 4303 ν
899 4231 1035 4316 ἀδήλοις
1060 4237 1169 4301 εἴκωσι
1196 4224 1517 4341 προςιιιιιιονιοιςδ,
1506 4220 1535 4289 ab
1581 4288 1583 4297 .

144 4375 149 4380 -
233 4333 269 4396 δὲ
290 4333 451 4421 ψευδέσι,
475 4334 766 4441 διαψιυδομένοιις·
789 4329 890 4396 tons
876 4331 1035 4406 ἑνοινώξ
1055 4322 1325 4408 exercitionem,
1350 4321 1534 4406 δοξάζοντας

233 4424 267 4486 id
283 4436 354 4493 ιιιι
394 4425 583 4532 Siquidem
574 4428 703 4493 mcertis
726 4428 836 4487 cedant
858 4436 889 4486 et
911 4423 1024 4486 abduci
1046 4444 1080 4485 se
1102 4422 1282 4504 patiantur,
1306 4429 1491 4500 proruentes
1508 4427 1534 4472 tt

233 4517 425 4600 praecipites
455 4520 545 4603 quasi
574 4518 629 4603 qui
662 4522 776 4582 cadere
802 4518 965 4594 festinent,
1006 4517 1034 4581 si
1057 4539 1139 4581 vero
1160 4515 1267 4589 falsis,
1304 4518 1469 4593 deceptos,
1498 4503 1533 4567 sit

166 4606 169 4623 '
235 4625 339 4677 autem
360 4615 571 4679 communitor
590 4614 811 4695 imperceptis,
850 4611 1028 4692 opinantes
1075 4614 1232 4675 Stobaens
1257 4612 1295 4672 de
1316 4607 1450 4672 Stoicis·
1475 4601 1532 4677 Mt

233 4709 292 4776 δέν
312 4711 349 4774 δὲ
376 4703 622 4794 ὑπολαμβάνειν
652 4701 822 4784 ἀσθενῶς,
854 4705 940 4772 ἀλλὰ
972 4706 1098 4792 μᾶλλον
1116 4701 1283 4797 ἀσφαλῶς
1310 4708 1366 4768 καὶ
1396 4696 1532 4786 βεβαίως

125 4812 1531 4881 .„-..„....................................‘.....·......i.--·

309 4927 347 5001 (¹)
370 4929 454 4982 Vides
474 4945 529 4999 qua
547 4934 656 4982 ratione
676 4934 873 4999 interpretetur
892 4948 928 4984 ro
916 4925 1171 4986 *sciriaoinfflmo'
1161 4924 1219 4987 υπὸ
1241 4927 1294 5005 λόγ
1278 4949 1340 4985 «μου
1393 4927 1427 5001 (2)
1444 4888 1528 4974 botuli·

234 5004 267 5057 C
287 5008 333 5061 47
372 5002 568 5078 ³.)Plurarch
588 5002 622 5057 de
642 5005 729 5065 Staio.
749 5009 938 5058 contrarierat
958 5023 984 5077 p.
1008 5008 1088 5063 1056.
1108 5007 1137 5058 F.
1176 4976 1461 5084 (¹)apoularrovroe

1448 5144 1456 5173 Ι

1581 4300 1583 4331 l
