3188 5492
224 431 288 497 2²10
372 473 374 479 ·
427 466 431 477 ,
648 430 847 501 aventu
876 428 1135 500 avovsttnt

217 571 407 636 auctoritate
433 573 573 655 probatu
597 570 692 636 facile
719 584 786 651 est,
822 572 878 660 qul
904 595 939 640 se
966 575 1118 640 hactenus
1147 577 1351 643 crediderunt
1375 581 1413 645 ab
1437 601 1522 647 enon

217 685 314 750 porse
337 665 482 744 defendi,
507 666 533 729 si
555 686 590 730 se
612 666 790 735 assensioni
810 686 875 734 non
896 679 1019 733 temere
1035 671 1287 737 commisissent:
1311 675 1448 758 quamvis
1466 698 1522 759 pro·

218 761 323 843 priam
344 762 383 822 de
410 761 470 823 hac
494 782 531 824 re
550 760 797 844 disputationem
819 763 849 825 in
871 763 998 826 scholas
1024 784 1097 827 sitas
1124 788 1187 831 non
1213 766 1464 843 introduxerint,
1482 790 1524 833 nec

217 860 258 919 ab
275 855 338 918 illis
358 856 522 918 enucleate
543 854 711 940 aliquando
731 855 907 941 quaesitum
923 856 983 935 sit,
1006 858 1148 942 percipi,
1172 878 1273 924 necne
1297 862 1415 925 veritas
1436 864 1523 946 possit.

218 950 316 1030 Quod
340 970 437 1033 quum
461 950 552 1013 Z'eno
575 951 655 1013 rude
682 971 720 1014 ae
745 950 1063 1029 nonnuniutulisset,
1088 957 1361 1040 contenderetque
1385 957 1456 1019 nihil
1471 978 1525 1039 per·

218 1042 283 1126 cipi
304 1063 412 1126 posse,
440 1043 498 1106 uisi
522 1047 611 1128 quod
632 1066 744 1108 uerrtm
767 1045 810 1110 ita
838 1058 939 1122 esset,
964 1057 1000 1108 ut
1021 1046 1220 1111 dissimilibus
1242 1050 1326 1113 notis
1350 1051 1464 1114 alalso
1481 1050 1526 1114 dis·

216 1149 423 1212 cerneretur,
448 1158 553 1222 neque
579 1139 795 1221 opinationem
817 1141 1012 1204 subeundam
1035 1160 1105 1204 esse
1125 1143 1280 1224 sapienti,
1314 1155 1410 1228 atque
1433 1144 1526 1207 idAr·

215 1231 328 1293 ccsilas
362 1228 506 1305 audiret,
541 1234 671 1318 negavit
705 1232 885 1298 huiusmodi
915 1234 1088 1319 quidquam
1118 1255 1217 1318 posse
1240 1239 1280 1299 ab
1306 1237 1434 1302 homine
1454 1258 1527 1320 repe·

183 1362 187 1375 ,
215 1327 295 1404 riri,
321 1340 424 1410 neque
445 1324 491 1387 illi
512 1326 675 1408 opinionis
700 1327 874 1412 naufragio
897 1328 1047 1412 sapientis
1069 1328 1325 1393 committendam
1353 1351 1423 1394 esse
1442 1331 1527 1395 eitam

215 1422 308 1488 Unde
331 1419 424 1483 etiam
447 1421 626 1498 conclusit,
651 1421 729 1484 nulli
752 1424 801 1486 rei
825 1442 897 1485 esse
919 1420 1164 1486 assentiendum.

299 1515 353 1578 15.
388 1513 513 1577 Verum
537 1536 635 1600 quum
665 1515 706 1578 ita
734 1537 788 1579 res
815 1537 848 1578 sc
874 1516 1026 1591 haberet,
1063 1528 1098 1580 ut
1128 1528 1220 1582 retus
1250 1519 1422 1583 Academia
1450 1518 1526 1605 magis

146 1690 150 1701 γ
214 1622 324 1687 anneta,
350 1629 444 1693 quam
471 1619 656 1694 oppugnata
677 1609 860 1685 videretur,
887 1610 1008 1673 exstitit
1029 1610 1175 1677 Philonis
1198 1615 1336 1685 auditor,
1348 1614 1523 1688 Antiochus,

213 1705 287 1792 qui,
311 1714 346 1766 ut
366 1704 526 1765 nonnullis
553 1704 636 1766 virtu
657 1714 724 1780 est,
750 1704 873 1788 gloriae
893 1704 1059 1786 cupidior,
1083 1728 1177 1791 quam
1198 1707 1361 1782 veritatis,
1388 1707 1418 1771 in
1438 1706 1525 1770 almul-

212 1814 309 1864 tatem
335 1796 465 1861 adduxit
490 1797 682 1860 Academiae
703 1798 872 1881 utriusque
895 1798 1079 1862 sententias.
1136 1800 1275 1864 Dicebat
1297 1802 1382 1865 enim
1408 1820 1469 1863 rem
1489 1799 1525 1861 iu·

40 1885 46 1892 ⁶
106 1884 109 1897 ’
211 1895 337 1971 solitam
372 1904 403 1955 et
435 1894 475 1953 ab
507 1892 657 1973 opinione
691 1902 834 1955 veterum
860 1891 1102 1957 remotissimam
1126 1896 1340 1958 Academicos
1364 1916 1463 1959 novos
1483 1912 1525 1956 co·

160 2046 163 2057 .
212 2004 305 2054 natos
344 1989 509 2051 inducere.
591 1988 758 2070 lu·quam
803 2006 870 2047 rem
911 1996 1056 2048 veterum
1096 1988 1303 2070 physicorum
1348 1989 1526 2071 aliorumque

211 2104 400 2168 magnorum
429 2082 697 2164 philosophorum
720 2080 913 2160 implorabat
939 2080 1054 2155 lidem3
1087 2082 1177 2163 ipsos
1208 2083 1302 2146 etiarn
1334 2084 1525 2147 Academicos

213 2199 423 2262 oppugnans,
449 2176 502 2259 qui
526 2198 560 2238 se
585 2175 657 2238 ucri
684 2173 785 2238 simile
804 2177 1033 2237 contenderent
1053 2176 1161 2260 sequi,
1187 2198 1284 2260 qrurm
1310 2176 1414 2260 ipsum
1436 2196 1525 2239 rerum

211 2294 245 2336 sc
270 2273 427 2357 ignorare
451 2271 653 2343 faterentur-3
698 2269 858 2353 multaque
881 2272 1066 2354 argumenta
1089 2271 1286 2355 collegerat,
1322 2272 1441 2355 quibus
1465 2289 1527 2331 nune

193 2368 481 2448 'supersedendum
503 2364 658 2427 arbitror.
715 2362 805 2427 Nihil
826 2375 929 2426 tamen
952 2364 1054 2448 magis
1076 2364 1286 2439 defendebat,
1323 2386 1420 2448 quam
1438 2382 1527 2425 veum

210 2459 379 2542 percipere
397 2479 493 2540 posse
513 2463 698 2540 sapientem.
744 2456 837 2522 Hanc
861 2471 942 2539 puto
955 2458 1048 2521 inter
1070 2460 1281 2524 Academicos
1301 2462 1410 2524 novos
1434 2480 1467 2522 ac
1488 2476 1527 2518 rc·

209 2566 295 2616 teres
321 2552 574 2617 controversiam
596 2552 707 2616 fuisse.
754 2553 846 2633 Qtrae
869 2553 894 2614 si
919 2572 1009 2628 secus
1027 2572 1062 2616 se
1085 2554 1201 2629 babet,
1226 2566 1260 2617 ut
1279 2554 1459 2617 Licentium
1476 2551 1528 2632 ple·

117 2644 120 2653 ⁴
211 2648 337 2713 nissime
358 2632 535 2724 inlornics,
559 2662 622 2730 pro
639 2654 778 2733 utroque
800 2646 1044 2727 postulaverim.
1090 2647 1125 2711 Si
1140 2668 1221 2712 nero
1242 2647 1284 2710 ita
1301 2659 1369 2723 cst,
1396 2660 1429 2710 ut
1443 2645 1527 2708 dicere

211 2743 325 2828 potui,
350 2754 529 2824 susceptam
556 2741 801 2824 disputationem
822 2739 981 2826 peragite.

294 2837 378 2900 VII.
405 2837 456 2899 16.
481 2840 564 2900 Ttrm
589 2856 672 2920 ego,
708 2833 891 2917 Quamdiu,
921 2832 1069 2917 inquam,
1106 2834 1251 2911 Licenti,
1287 2836 1318 2900 in
1346 2835 1412 2899 isto
1436 2844 1527 2898 nostru

210 2931 366 3015 longiore
385 2951 479 3014 qnam
497 2933 648 3012 putabam
676 2949 825 2994 sermone
847 2926 1075 3010 conquiescis?
1095 2928 1228 2992 Audisti
1251 2929 1307 3013 qui
1330 2930 1396 2993 sint
1423 2929 1527 2993 Acade·

209 3026 281 3089 mici
302 3025 376 3089 tui?
406 3025 451 3088 At
469 3024 536 3086 ille⁴
550 3026 731 3089 verecunde
752 3017 918 3096 arridens,
941 3031 975 3083 et
1000 3021 1194 3106 aliquantum
1216 3023 1278 3095 hac
1300 3021 1527 3107 compellatione

208 3120 389 3183 turbatior:
414 3119 564 3183 Poeuitet
579 3140 641 3194 me,
658 3118 773 3204 inquit,
798 3129 887 3180 tanto
904 3134 1004 3197 opere
1020 3115 1191 3180 affirmasse
1210 3129 1324 3181 contra
1341 3115 1525 3201 'frygetium

207 3215 333 3275 beatam
353 3212 450 3277 vitatu
469 3212 500 3274 iu
522 3210 667 3275 veritatis
686 3211 893 3296 inquisitione
911 3208 1100 3273 consistere.
1147 3212 1228 3274 Nam
1249 3233 1299 3274 me
1318 3210 1380 3297 ista
1394 3207 1527 3297 quaestio

206 3306 250 3368 ita
276 3309 461 3389 perturbat,
495 3317 529 3368 ut
558 3308 611 3370 rix
631 3326 694 3369 non
718 3305 919 3381 miserrsim,
959 3303 1014 3386 qui
1033 3317 1120 3367 certe
1143 3305 1257 3381 voltis,
1290 3306 1318 3368 si
1340 3305 1419 3391 quid
1437 3306 1526 3366 linua-

208 3399 313 3463 nitatis
336 3397 467 3484 geritis,
500 3402 614 3465 videor
641 3398 847 3483 miserandus.
906 3398 975 3461 Sed
995 3398 1071 3484 quid
1098 3419 1147 3461 me
1169 3399 1389 3481 ipseineptus
1412 3390 1526 3462 crucicl

208 3498 277 3557 Ant
292 3494 369 3577 quid
386 3495 549 3558 exhorreo
565 3503 650 3555 tantu
672 3512 802 3555 caussae
821 3492 966 3559 bonitate
988 3491 1168 3556 subnixus?
1189 3494 1333 3557 Prorsus
1355 3492 1526 3557 concedam

207 3586 268 3650 nisi
293 3586 451 3653 veritatis
494 3587 694 3661 Placentne,
732 3585 885 3668 inquam,
924 3588 982 3652 tibi
1008 3588 1085 3651 novi
1104 3586 1312 3651 Academici?
1346 3586 1524 3654 Plurimum,

205 3680 319 3764 inquit.
365 3683 460 3766 Ergo
487 3702 597 3762 verum
620 3680 769 3745 videntur
795 3680 853 3742 tibi
879 3681 1009 3745 dicere?
1046 3683 1131 3743 'l'urn
1153 3681 1226 3754 ille,
1255 3676 1352 3764 quum
1375 3680 1436 3744 iam
1459 3684 1526 3740 esset

85 3785 88 3789 ’
153 3854 155 3859 ¹
206 3792 413 3850 assensurus,
432 3776 586 3839 arrisione
602 3773 712 3855 Alypii
727 3772 854 3836 caritior
868 3773 991 3851 iactura,
1013 3776 1114 3838 haesit
1131 3773 1335 3856 aliquantum.
1361 3777 1405 3838 Et
1420 3773 1524 3837 deinde:

206 3871 348 3952 Repete,
374 3871 492 3956 inquit,
519 3868 785 3954 rogatiunculam.
831 3869 1015 3950 Verumue,
1041 3868 1185 3952 inquam,
1210 3866 1268 3930 tibi
1288 3869 1435 3932 ridentur
1455 3871 1525 3930 Aea·

205 3964 319 4033 deutici
338 3965 472 4027 dicere?
495 3966 539 4026 Et
559 3982 686 4026 rursum
707 3954 802 4045 qttum
820 3961 873 4024 diu
898 3964 1069 4034 tacuisset:
1096 3963 1210 4025 Utrum
1225 4006 1234 4036 ,
1249 3961 1322 4038 ait,
1349 3984 1456 4025 veritur
1477 3958 1522 4030 sit,

205 4056 339 4122 nescio:
372 4056 542 4139 probabile
569 4068 617 4120 est
647 4067 765 4118 tamen.
824 4056 938 4139 Neque
963 4058 1046 4120 enim
1072 4057 1144 4137 plus
1171 4055 1266 4119 video
1294 4061 1383 4141 quod
1408 4074 1521 4140 sequar.

205 4152 392 4227 Probabile,
411 4153 550 4237 iuquam,
569 4150 672 4213 scisne
687 4151 727 4211 ab
742 4149 819 4230 ipsis
832 4148 925 4212 etiam
939 4150 1009 4213 veri
1025 4149 1125 4213 simile
1141 4149 1322 4211 nominari?
1338 4151 1406 4225 Ita,
1425 4145 1521 4231 inquit,

205 4247 343 4309 videtur.
389 4246 504 4330 Ergo,
529 4244 676 4329 inquam,
701 4244 771 4305 veri
787 4243 896 4305 similis
912 4254 960 4306 ‘est
976 4243 1241 4307 Academicorum
1262 4244 1429 4307 sententia.
1470 4242 1521 4310 lta,

203 4340 319 4421 iuquit.
368 4341 436 4403 Iam
459 4359 580 4424 quaeso
607 4339 749 4411 attende,
773 4336 920 4419 inquam,
945 4337 1140 4423 diligentius.
1167 4337 1210 4401 ‘si
1226 4337 1394 4423 quisquam
1410 4337 1522 4399 fratrent

203 4446 291 4496 tuum
308 4433 410 4496 visum
431 4432 529 4514 patris
548 4432 593 4493 tui
613 4432 745 4494 similem
766 4451 838 4493 esse
858 4431 1008 4506 affirmet,
1032 4432 1208 4514 ipsumque
1219 4444 1307 4494 ttttttn
1328 4446 1449 4514 patrem
1471 4443 1521 4490 non

201 4526 351 4602 noverit,
387 4548 492 4590 nonne
510 4527 568 4588 tibi
586 4526 731 4600 insanus,
767 4537 821 4587 aut
844 4525 970 4607 ineptus
997 4526 1184 4590 uidebitur?
1215 4529 1259 4590 Et
1281 4529 1332 4589 hle
1353 4528 1405 4589 diu
1427 4518 1520 4586 tacuit.

183 4623 287 4683 ‘'l'uru
311 4622 371 4696 ait,
398 4624 471 4683 lion
496 4621 569 4682 milri
592 4622 655 4681 hoc
680 4618 805 4681 videtur
827 4621 1012 4682 absurdum.
1517 4634 1521 4651 ·

290 4717 342 4775 17.
367 4713 509 4797 Cui‘cgo
524 4734 620 4797 quum
636 4714 833 4793 respondere
849 4714 1045 4793 coepisscm3
1065 4716 1247 4796 Exspecta,
1262 4715 1387 4800 inquit,
1404 4724 1518 4797 quaesti

200 4803 389 4888 pusillulum.
434 4809 485 4870 Ae
507 4819 582 4889 post
604 4807 765 4880 arridens,
791 4805 853 4868 Dic
877 4807 1057 4885 ruilripait,
1083 4829 1144 4872 oro
1171 4822 1221 4888 te,
1243 4810 1346 4873 inurue
1375 4817 1472 4870 certus
1492 4814 1519 4860 es
1575 4810 1577 4877 f

202 4901 242 4960 de
264 4898 399 4961 victoria
418 4899 499 4962 tua?
522 4903 606 4963 'lum
627 4922 716 4984 egos
753 4901 820 4962 Fac
842 4921 913 4974 me,
935 4902 1064 4985 inquam
1077 4947 1090 4977 ,
1111 4914 1230 4966 certum
1254 4922 1348 4967 esse:
1375 4920 1438 4964 non
1460 4894 1518 4961 idtt
1576 4954 1577 4979 ἦ

202 5004 307 5073 tannen
323 5003 357 5061 tn
379 4984 521 5056 caussam
541 5006 625 5056 tuum
642 4998 739 5071 debes
764 4996 928 5075 deserere,
953 4980 1143 5076 praesertim
1167 5019 1263 5081 qurun
1280 5001 1359 5060 tuce
1381 4995 1458 5056 inter
1471 4999 1518 5047 ¹¹⁰0

808 5238 811 5247 ’
898 5279 913 5341 r
