3188 5492
170 384 286 499 Ιιιι
456 486 459 513 ,
643 426 842 505 sunnin
871 426 1131 499 anensium

173 636 177 660 ,
221 579 255 647 in
277 573 424 660 podticae
445 540 582 636 studiuin
604 571 650 636 sie
672 572 881 647 inflammatus
907 583 978 650 est,
1017 583 1052 636 ot
1071 572 1264 657 aliquantum
1290 573 1364 637 mihi
1387 574 1468 639 etiam
1484 598 1519 640 rc·

120 753 124 763 Ι
221 668 423 758 primcudns
435 669 610 731 rideretur.
652 668 721 732 lam
752 669 833 732 enim
865 670 905 730 ab
931 668 992 729 hac
1021 667 1195 733 intentione
1226 671 1264 732 ad
1294 669 1408 732 nullam
1427 692 1457 734 se
1473 692 1520 735 ren

221 765 375 829 devocari
397 762 532 826 libenter
552 762 690 826 ferebat.
715 766 878 857 Tandem
901 775 1005 826 tamen
1030 766 1068 825 ad
1090 766 1321 841 retractandam
1345 784 1434 848 quam
1450 764 1521 827 distu-

221 863 357 925 leramus
388 859 427 919 de
456 856 654 921 Academicis
685 822 924 944 qriaestlonem,
963 876 1060 965 quum
1095 878 1111 920 a
1145 880 1214 934 me,
1253 869 1405 943 qnantum
1439 859 1521 941 potui,

223 958 328 1018 lumen
351 950 576 1035 philosophiae
600 951 803 1029 landaretur,
840 973 904 1015 non
926 952 1042 1015 invitus
1066 954 1218 1017 accessit.
1257 965 1290 1016 ct
1318 955 1403 1017 lorte
1423 953 1478 1016 dies
1494 942 1523 1015 iti

223 1067 353 1111 serenus
377 1046 558 1121 effirlserat,
594 1057 629 1107 nt
650 1045 728 1109 nulli
750 1064 886 1128 prorsus
909 1045 956 1108 rei
979 1047 1097 1132 magis,
1128 1069 1221 1133 quam
1244 1048 1423 1111 serenandis
1444 1047 1523 1110 animis

222 1140 339 1203 nostris
363 1160 543 1226 congruere
566 1138 744 1203 videretur.
789 1139 951 1202 Maurrius
973 1139 1202 1225 itaquc·solit·o
1218 1143 1330 1206 lectos
1350 1141 1524 1226 ¹reliquimus,

220 1236 459 1320 pusillulumque
481 1256 551 1296 cum
575 1234 701 1296 rusticis
731 1233 874 1321 egimus,
907 1237 994 1317 quod
1016 1247 1140 1318 tempus
1163 1239 1312 1320 urgebat.
1370 1238 1448 1297 Tum
1468 1235 1525 1315 Aly-

223 1331 315 1414 pius·
350 1332 529 1413 Antequam
554 1350 632 1404 vos,
657 1328 777 1414 inquit,
803 1324 923 1391 audiam
947 1330 985 1390 de
1008 1329 1208 1392 Academicis
1232 1329 1442 1410 displrtantes,
1471 1329 1525 1391 roln

143 1480 148 1489 ,
223 1424 299 1488 mihi
321 1427 449 1507 legatur
470 1443 577 1485 sermo
600 1422 655 1484 ille
676 1432 799 1498 vester,
824 1445 916 1506 quem
940 1424 1042 1486 dicitis
1063 1444 1111 1486 me
1129 1426 1256 1486 absente
1271 1424 1461 1505 perlectum:
1480 1444 1526 1486 non

124 1503 126 1515 Δ
188 1541 191 1547 ’
220 1521 300 1582 enim
330 1538 458 1600 possum
489 1517 599 1592 aliter,
624 1538 719 1602 quum
748 1516 822 1580 inde
847 1519 938 1580 huius
968 1517 1204 1599 disceptationis
1242 1518 1385 1582 occasio
1393 1531 1461 1581 nata
1484 1519 1526 1594 sit,

221 1616 253 1677 in
285 1611 446 1675 audiendis
476 1610 572 1673 vobis
603 1630 666 1673 non
690 1622 743 1675 ant
764 1632 893 1687 errare,
930 1624 981 1674 aut
1004 1625 1090 1675 certe
1112 1613 1275 1675 laborare.
1338 1613 1433 1692 Quod
1455 1635 1526 1698 quun

219 1709 339 1772 factum
362 1715 466 1780 esset,
491 1716 528 1768 et
543 1707 575 1768 in
600 1724 639 1768 eo
660 1726 760 1788 paene
774 1716 877 1769 totum
895 1708 1170 1770 antemeridianum
1192 1718 1318 1788 tempus
1336 1718 1526 1789 consumptum

221 1790 419 1876 videremus,
455 1800 561 1863 redire
585 1803 623 1862 ab
648 1823 747 1885 agro,
782 1801 838 1885 qni
860 1802 1095 1865 deambulantes
1118 1824 1177 1864 nos
1200 1816 1391 1884 acceperat,
1429 1805 1528 1864 domun

221 1896 424 1960 instituimus.
470 1897 514 1958 Et
531 1894 715 1957 Licentius:
740 1895 888 1976 Quaeso,
904 1894 1025 1979 inquit,
1051 1908 1123 1959 ante
1138 1895 1307 1977 prandium
1326 1895 1402 1956 mrln
1417 1889 1528 1949 brenter

218 1995 318 2055 totam
350 1989 616 2053 Academicorum
647 1989 833 2051 sententiam
863 1993 1054 2071 exponendo
1079 2002 1229 2073 repetere
1254 2011 1294 2052 ne
1319 1965 1478 2092 graveris,
1502 1998 1529 2042 nr

155 2148 159 2155 ,
246 2085 330 2147 uid
321 2107 352 2148 ιιι
376 2105 410 2147 ea
437 2105 485 2145 me
507 2082 628 2167 fugiat,
655 2085 742 2175 qnod
764 2102 827 2169 pro
844 2083 990 2165 partibus
1013 2083 1088 2148 meis
1112 2084 1164 2147 sit.
1224 2084 1377 2157 Faciam,
1407 2080 1527 2181 inqusffls

222 2110 316 2243 ‘leo
340 2176 515 2252 libentius,
540 2197 605 2261 qno
630 2178 749 2238 dehac
770 2198 806 2254 re
829 2177 974 2262 cogitans
1002 2199 1113 2261 parum
1137 2180 1304 2262 prandeas.
1363 2179 1432 2250 Ne,
1454 2169 1530 2255 inquit

115 2334 119 2338 a
219 2273 292 2349 ille,
316 2262 428 2334 istinc
458 2293 587 2334 securus
618 2273 680 2335 sis.
726 2292 797 2336 nam
827 2284 858 2336 et
892 2273 1026 2349 multos,
1062 2284 1097 2334 et
1128 2272 1263 2335 ma'xime
1300 2283 1424 2354 patrem
1453 2286 1528 2329 menn

91 2378 93 2389 ‘
155 2366 317 2450 n'saepe
347 2365 555 2428 animadverti
584 2387 623 2431 eo
657 2365 852 2440 edaciorem,
884 2386 951 2450 quo
977 2366 1131 2429 refertior
1161 2365 1247 2428 curis
1278 2376 1377 2428 essct.
1434 2360 1529 2426 Deinde

219 2473 254 2524 tn
278 2481 407 2546 quoque
431 2462 469 2522 de
491 2459 558 2522 istis
581 2460 690 2525 metris
715 2462 908 2546 cogitantem
932 2480 995 2523 non
1012 2459 1066 2522 sic
1088 2471 1241 2542 expertus
1266 2479 1319 2535 es,
1346 2470 1383 2520 ut
1400 2472 1529 2520 curruca

220 2576 325 2618 mensa
357 2574 468 2617 secura
499 2554 551 2616 sit.
609 2554 708 2635 Quod
736 2550 860 2640 quidem
891 2556 976 2635 apud
1004 2554 1179 2635 meipsum
1202 2552 1310 2616 mirari
1334 2553 1443 2615 soleo:
1475 2546 1530 2630 qsstd

223 2649 306 2711 enim
311 2642 390 2710 sibi
413 2647 496 2723 vult,
522 2651 610 2733 quod
631 2660 707 2711 tunc
729 2647 834 2711 cibum
857 2647 1051 2745 pertinacius
1074 2646 1273 2729 appetimus,
1298 2668 1398 2731 quum
1419 2645 1448 2707 in
1469 2640 1530 2703 aliud

219 2742 407 2806 intendimus
432 2741 592 2804 aninumr?
625 2742 729 2807 Aut¹¹
751 2740 826 2826 qnid
849 2738 1005 2825 estquod
1028 2741 1172 2802 manibus
1196 2750 1227 2802 et
1250 2740 1398 2802 dentibus
1420 2735 1528 2807 nostris,

223 2836 390 2918 occupatis
412 2834 505 2897 nobis
528 2836 648 2899 animus
669 2835 861 2919 imperiosus
883 2834 944 2897 fit?
980 2835 1066 2905 Audi
1087 2835 1214 2917 potius,
1237 2833 1386 2918 inquam,
1409 2835 1447 2894 de
1467 2831 1530 2892 Aca·

221 2929 350 2993 demicis
369 2926 457 3035 ’quid
484 2950 682 3013 rogaveras,
721 2950 760 2992 ne
787 2940 820 2992 te
849 2940 948 2992 metra
977 2928 1036 2991 ista
1068 2929 1270 3003 solventem,
1312 2949 1380 2991 non
1403 2926 1492 2988 solun
1509 2939 1530 2981 ιι

223 3024 325 3105 epulis
349 3023 417 3087 sine
440 3034 563 3098 metro,
599 3026 654 3086 sed
685 3023 778 3086 etiam
804 3023 835 3086 in
858 3021 1098 3109 quaestionibus
1120 3023 1237 3105 patiar.
1298 3010 1332 3084 si
1356 3021 1431 3106 qnid
1451 3027 1530 3081 auten

222 3139 374 3201 promea
405 3129 496 3198 parte
526 3118 718 3192 occultabo,
757 3119 873 3199 prodet
903 3118 1052 3200 Alypius.
1108 3118 1201 3180 Bona
1223 3117 1285 3178 fide
1307 3127 1363 3179 tua
1386 3137 1463 3198 epm
1482 3122 1530 3182 est,

221 3211 324 3296 inquit
346 3211 503 3290 Alypius:
531 3223 613 3273 'nam
638 3211 663 3275 si
686 3214 885 3274 metuendum
910 3221 975 3287 est,
1001 3233 1040 3273 ne
1063 3211 1181 3292 aliquid
1204 3210 1365 3288 occultes,
1392 3229 1473 3272 arne
1492 3207 1531 3266 de·

169 3328 174 3333 ·
220 3306 377 3387 prehendi
406 3302 529 3366 difficile
558 3326 654 3387 posse
685 3305 825 3369 arbitror
854 3324 999 3382 emma
1028 3326 1093 3389 quo
1125 3327 1176 3366 me
1203 3304 1262 3367 ista
1285 3304 1429 3369 didicisse
1451 3300 1531 3364 nullus

221 3399 276 3482 qui
299 3421 346 3481 me
369 3398 461 3462 nevit
481 3399 630 3513 ignorat,
662 3400 849 3481 praesertim
881 3422 977 3484 quum
1005 3399 1037 3463 in
1070 3401 1238 3509 prodendo
1262 3415 1345 3463 vcro
1368 3418 1434 3462 non
1453 3389 1530 3477 magu

221 3493 396 3567 victoriae,
420 3514 514 3575 quam
523 3490 643 3556 animo
665 3506 722 3556 tuo
739 3495 999 3557 consulturus
974 3515 1029 3556 sis»

309 3586 356 3648 V.
381 3587 433 3648 11.
458 3587 584 3671 Agam,
616 3587 763 3672 inquam,
795 3589 984 3665 bonafide,
1016 3588 1166 3672 quoniam
1198 3585 1267 3649 de
1257 3606 1327 3649 mre
1350 3578 1530 3670 praescribis.

127 3715 130 3722 ·
222 3681 307 3743 Nam
336 3691 367 3743 et
399 3680 601 3743 Academicis
631 3681 765 3763 placuit,
804 3704 863 3743 nec
893 3682 1012 3745 bomini
1042 3681 1214 3758 scientiam¹
1238 3702 1336 3765 posse
1370 3679 1531 3760 contingere

224 3792 331 3837 earum
355 3776 517 3837 dumtaxat
545 3797 670 3851 rerum,
707 3795 788 3859 qnae
818 3777 857 3836 ad
878 3775 1114 3858 philosophiam
1136 3773 1318 3858 pertinent,
1355 3785 1531 3837 namnetem

223 3889 337 3931 curare
360 3890 394 3931 ae
418 3866 599 3932 Carneades
622 3871 779 3952 negabat,
805 3876 960 3931 ettamen
984 3869 1141 3933 bominem
1164 3890 1260 3950 posse
1279 3890 1352 3930 esse
1367 3868 1529 3949 sapientem,

223 3961 437 4044 sapientisque
460 3973 561 4025 totum
585 3984 708 4036 numus,
735 3973 771 4023 nt:
791 3965 847 4026 abs
869 3974 900 4026 te
923 3982 1064 4047 quoqne,
1088 3962 1229 4035 Licenti,
1254 3963 1310 4025 illo
1326 3955 1531 4023 sermonedis

223 4068 341 4117 sertum
366 4068 431 4131 est,
455 4056 487 4119 in
507 4055 745 4161 conquisitione
767 4057 838 4119 veri
859 4057 1040 4139 explicari3
1084 4078 1126 4119 ex
1156 4078 1221 4140 quo
1251 4057 1385 4130 confici,
1422 4065 1453 4114 nt
1473 4041 1531 4111 nuti

222 4149 316 4211 etiam
344 4150 392 4212 rei
420 4140 566 4269 sapiens
575 4151 784 4214 assentiatur.
823 4161 910 4213 erret
941 4152 1022 4213 enim
1046 4171 1174 4214 necesse
1197 4162 1264 4227 est,
1296 4153 1398 4234 (quod
1420 4137 1530 4227 sapienti
1566 4201 1567 4204 ,

217 4242 311 4325 nefas
335 4245 397 4324 est)
421 4242 448 4306 si
467 4238 660 4306 'assentiatur
681 4246 777 4306 rebus
799 4243 940 4307 incertis.
988 4246 1031 4307 Et
1053 4246 1158 4309 omnia
1182 4245 1303 4307 incerta
1326 4265 1396 4306 csse
1418 4236 1529 4305 nondi-

222 4340 336 4400 cebant
358 4339 480 4411 solum,
507 4358 617 4399 verum
637 4338 764 4399 etiam¹⁹
786 4337 1016 4419 copiosissimis
1039 4339 1218 4405 rationibus
1236 4340 1442 4400 affirmabant.
1481 4326 1529 4392 Sel

222 4450 335 4494 verum
358 4452 420 4493 non
444 4451 539 4512 posse
562 4431 808 4513 comprehendi,
840 4453 879 4494 en
902 4433 955 4493 illa
979 4434 1081 4496 Stoici
1104 4433 1247 4496 Zenonis
1269 4433 1448 4494 definitione
1468 4423 1528 4488 arri·

222 4525 329 4608 puisse
346 4526 551 4601 videbantur,
562 4527 631 4610 ‘qui
647 4527 701 4602 ait,
725 4526 756 4588 id
780 4546 888 4589 verum
908 4527 1033 4609 percipi
1050 4549 1165 4610 posse,
1192 4529 1278 4612 quod
1293 4528 1334 4589 ita
1352 4536 1432 4588 esset
1446 4519 1527 4583 anino

90 4630 127 4661 ·“
220 4620 410 4703 impressum
435 4641 476 4681 cx
499 4638 538 4685 eo
561 4622 643 4682 unde
667 4630 770 4694 esset,
795 4618 829 4682 rlt
850 4641 918 4684 esse
941 4642 1004 4684 non
1028 4634 1137 4727 posset
1160 4643 1201 4682 cx
1224 4622 1361 4701 eouunde
1377 4638 1436 4681 non
1452 4617 1527 4676 esset·

223 4712 320 4793 Quod
343 4714 473 4776 brevius
494 4715 681 4818 planiusque
705 4715 750 4777 sie
760 4714 905 4788 dicitnr,
934 4716 993 4776 bis
1022 4714 1122 4799 signis
1151 4734 1261 4777 verum
1289 4730 1385 4794 posse
1406 4719 1528 4786 compre·
1576 4711 1577 4716 ’

221 4808 338 4882 bendi,
378 4824 460 4891 quae
483 4807 574 4891 signa
597 4824 660 4870 non
683 4819 793 4889 potest
815 4810 931 4871 habere
954 4809 1176 4891 quodfalsum
1198 4819 1260 4869 est.
1317 4807 1391 4869 Hoc
1417 4811 1526 4885 priorsus
1576 4833 1577 4836 η

221 4919 286 4961 ιιοιι
309 4920 406 4980 posse
429 4900 583 4975 inveniri,
607 4903 880 4964 vehementissime
903 4914 937 4964 ut
959 4902 1187 4967 convincerent
1204 4900 1448 4963 incubuerunt.
1450 4889 1525 4954 lud
1575 4916 1576 4925 ¹

168 5002 171 5013 ’
222 4991 435 5057 dissensiones
458 4994 746 5076 philosophorum,
771 4994 843 5058 inde
865 4996 1011 5059 sensnu'm
1034 4997 1197 5072 fallaciae,
1223 4995 1294 5057 inde
1316 4995 1432 5064 somnia
1455 4990 1524 5053 turo
