3226 5488
584 378 882 550 scannuuca.
974 492 976 501 .
1043 482 1052 507 ,
1119 396 1124 406 ’
1171 479 1177 486 .
1237 427 1249 490 t
1337 418 1399 494 aaa

60 573 167 638 liberi
189 571 344 636 vivimus:-
368 570 442 656 quia
460 567 562 634 omnis
579 569 712 635 aetionis
729 589 864 650 prorsus
882 579 1032 650 expertes
1049 586 1119 632 esse
1137 588 1199 633 non
1216 574 1400 651 possamus.
1463 633 1465 637 ,
1565 571 1569 579 ’

59 669 212 733 Videtur
227 679 329 732 autem
354 667 432 728 haec
452 646 640 728 obseruatiti
662 683 793 737 eorum,
822 682 904 744 quae
928 661 1086 725 advitam
1109 683 1307 727 communem
1323 686 1396 746 spe
1461 721 1465 738 ,

64 774 182 845 ctam,
206 762 326 844 triplex
356 781 450 823 esse.
482 771 514 821 et
532 758 649 841 partim
671 757 703 820 in
730 755 865 820 naturali
888 750 1098 821 instructione
1118 757 1264 830 versari,
1286 758 1407 839 partim

63 858 104 920 in
126 837 265 937 impulsu
286 866 319 917 et
341 863 457 917 coactu
475 851 678 958 passionum,
703 840 817 931 partim
838 848 882 911 in
889 849 1114 913 constitutione
1137 850 1244 935 legum
1270 862 1302 913 et
1324 872 1402 914 con-

66 949 298 1023 suetudinum,
335 945 503 1028 partimin
530 943 701 1007 traditione
727 943 853 1005 artium.
912 942 1127 1006 Instructione
1153 944 1307 1020 naturali,
1345 965 1404 1025 per

70 1066 175 1128 quam
197 1064 214 1105 a
237 1055 352 1105 natura
371 1051 403 1102 et
425 1060 571 1101 sensuum
596 1049 627 1100 ct
647 1036 824 1099 intellectus
845 1035 994 1101 facultate
1019 1036 1154 1118 praediti
1174 1059 1293 1103 sumus.
1322 1040 1403 1101 Pas·

69 1139 204 1201 sionum
226 1147 359 1207 coactum
383 1153 447 1217 quo
469 1133 526 1207 lit,
550 1142 585 1193 ut
609 1130 708 1193 sames
731 1132 769 1191 ad
794 1129 901 1192 cibum
921 1151 981 1193 nos
1005 1133 1155 1208 deducat,
1186 1131 1255 1194 sitis
1276 1133 1316 1194 ad
1341 1153 1407 1217 pos
1504 1164 1507 1169 ⁴

66 1244 156 1294 taam.
201 1233 328 1313 Legum
354 1240 385 1289 et
406 1247 531 1289 morum
554 1222 798 1296 constitutione,
823 1244 904 1306 quae
922 1222 1018 1298 facit,
1042 1236 1077 1286 ut
1094 1224 1146 1305 pic
1165 1246 1262 1310 agere
1283 1224 1315 1288 in
1338 1226 1403 1288 vita
1506 1216 1512 1223 ¹

70 1323 258 1397 communi,
284 1324 402 1386 bonum
425 1338 629 1393 censeamus3
651 1317 746 1399 impie
768 1337 877 1399 agere,
898 1318 1025 1385 malum.
1071 1318 1199 1381 Artium
1215 1318 1398 1395 traditione,

66 1438 137 1500 per
166 1438 258 1500 quam
286 1437 352 1479 non
377 1413 504 1476 inutiles
536 1424 567 1475 et
595 1411 693 1475 otiosi
714 1431 820 1472 surmus
843 1408 876 1487 in
897 1409 957 1485 iis,
992 1428 1075 1495 quae
1096 1411 1189 1475 nobis
1213 1408 1401 1488 traduntur,

71 1512 213 1573 artibus.
258 1511 349 1572 Haec
372 1519 474 1570 antem
498 1506 601 1571 omnia
623 1505 702 1579 citra
724 1502 905 1585 opinionem
929 1503 1086 1568 dicimus.'
1118 1506 1209 1567 Haec
1232 1507 1361 1571 Sextus.
1383 1588 1385 1591 ι

164 1604 271 1683 Quum
298 1615 402 1664 autem
430 1602 593 1683 Scepticus
616 1603 653 1662 de
679 1596 864 1682 quaestione
889 1596 993 1680 aliqua
1014 1610 1168 1682 rogatur,
1206 1599 1267 1662 illis
1294 1599 1402 1663 verbis

71 1696 192 1781 qtaibus
215 1696 305 1780 quasi
327 1686 505 1758 eatrtiouiun
532 1693 678 1757 formulis
701 1686 830 1768 utitur,
854 1692 936 1754 soter
955 1695 1171 1774 respondere:
1191 1697 1401 1779 ¹rraae'racopccs,

69 1792 110 1853 id
136 1801 204 1864 est,
224 1790 315 1871 ,quid
335 1790 531 1869 respondere
551 1797 716 1898 oporteat,
749 1806 846 1869 quum
863 1787 1002 1849 nondum
1028 1800 1225 1869 compertum
1250 1788 1402 1862 habeam,

22 1964 28 1971 ι
71 1903 207 1968 quaero
233 1881 536 1965 atqueconsidero.
567 1881 687 1966 ἐπέχω,
718 1879 842 1954 idest,
874 1880 1087 1944 assensionem
1119 1880 1273 1944 sustineo
1307 1878 1404 1947 οὐδὲν
1486 1944 1492 1953 ,

72 1977 192 2066 οιιιζω,
214 1976 245 2038 id
266 1988 332 2053 est,
357 1974 434 2038 nibil
458 1974 595 2037 definio:
619 1994 753 2056 namque
774 1972 878 2037 omnia
899 1986 972 2036 sunt
993 1971 1152 2064 ἀόριστα,
1172 1976 1290 2059 idest,
1313 1976 1403 2038 inde·

71 2041 178 2137 libita.
210 2066 305 2136 οιιδὲν
271 2069 459 2155 μαλλον
468 2118 477 2147 ,
509 2068 631 2142 idest,
666 2068 763 2131 nihilo
790 2065 910 2149 magis,
949 2069 1012 2132 hoc
1029 2070 1183 2144 videlicet
1204 2081 1271 2146 est,
1306 2088 1400 2153 qulam
1467 2090 1473 2098 ·

69 2165 167 2229 illud.
188 2168 288 2231 παντὶ
309 2158 396 2253 λόγῳ
419 2157 518 2247 λόγος
540 2154 611 2238 ἶσος
625 2158 820 2238 ἀντικεῐται,
842 2160 956 2237 idest,
980 2162 1067 2226 omni
1080 2163 1220 2227 sermoni
1239 2176 1271 2228 et
1285 2162 1403 2228 rationi
1445 2204 1457 2211 -

70 2257 162 2322 ratio
184 2258 245 2320 alia
267 2258 406 2341 aequalis
429 2258 547 2319 obstat.
600 2258 778 2320 Utebantur
801 2264 833 2315 et
861 2254 930 2317 aliis
952 2256 1105 2320 similibus
1127 2257 1291 2334 formulis,
1321 2278 1405 2342 quas

73 2373 190 2415 omnes
214 2353 402 2434 illarumque
429 2350 681 2432 explanationem
712 2371 754 2412 ex
777 2348 851 2429 ipso
878 2355 979 2415 Sexto
1001 2363 1089 2432 petas
1113 2351 1207 2428 licet,
1246 2373 1402 2415 unacum
1458 2399 1462 2405 .

77 2445 150 2510 aliis
172 2446 276 2525 multis
297 2447 336 2507 ad
356 2447 438 2506 hane
457 2457 574 2507 sectam
597 2443 848 2524 pertinentibus3
879 2449 917 2510 de
940 2467 1002 2528 qua
1025 2444 1117 2508 etiam
1143 2467 1207 2509 non
1228 2467 1330 2527 pauca
1352 2446 1402 2507 in·

75 2538 187 2602 venies
218 2540 302 2619 apud
332 2537 497 2600 La'e'rtium
524 2539 554 2600 in
578 2539 758 2616 Pyrrhonis
781 2541 862 2617 vita3
898 2539 995 2602 Gellii
1023 2560 1155 2623 quoque
1184 2539 1251 2602 sive
1267 2534 1401 2623 'Agellii

45 2638 173 2714 scaput
195 2633 338 2716 quintum
360 2631 435 2715 libri
451 2632 611 2707 ,undecimi
634 2634 671 2693 de
697 2630 889 2714 Pyrrhonii's
914 2634 1061 2697 consulas
1084 2634 1174 2708 licet,
1206 2646 1407 2699 nontamen

74 2738 114 2788 ut
140 2724 346 2788 differentiam
375 2746 468 2808 quam
493 2725 576 2786 inter
604 2726 815 2791 Academicos
850 2740 882 2792 et
909 2726 1125 2808 Pyrrhonios'
1142 2726 1210 2808 ipse
1243 2727 1402 2811 assignat,

73 2823 211 2904 probes.
271 2821 388 2900 „Quod
416 2818 600 2883 Academici
629 2820 753 2902 quidem
784 2822 912 2904 (inquit)
940 2822 1043 2902 ipsum*
1071 2820 1168 2895 illud,
1206 2819 1283 2882 nibil
1304 2827 1401 2901 posse

77 2914 324 2996 cosnprebcndi,
348 2912 438 2997 qumi
456 2912 739 2993 comprehendunt.
783 2918 828 2978 Et
850 2917 925 2979 nihil
946 2935 1042 2996 posse
1064 2913 1210 2991 decerni,
1235 2915 1325 2998 quasi
1346 2902 1402 2977 de'·

78 3020 232 3071 cernunt:
257 3008 431 3087 Pyrrhonii
449 3029 488 3069 ne
506 3006 539 3069 id
559 3008 684 3090 quidem
705 3011 770 3074 ullo
790 3024 886 3092 pacto
909 3006 1008 3072 videri
1031 3003 1140 3070 rerum
1164 3008 1294 3093 dieunt,
1312 3012 1402 3092 qiaod
1426 3090 1428 3095 ,

77 3104 156 3166 nibil
172 3124 241 3165 esse
260 3123 372 3163 verum
393 3101 553 3164 videtur.’'
597 3102 725 3165 Falsum
747 3103 827 3166 enim
852 3105 916 3166 boc
937 3122 1017 3178 csse,
1045 3105 1133 3186 quod
1151 3104 1189 3163 de
1203 3102 1401 3165 Academicis
1484 3158 1488 3165 ,
1523 3110 1526 3117 “

77 3198 208 3272 scribit,
234 3219 275 3268 cx
294 3195 466 3260 Carneadis
489 3198 529 3257 ad
550 3197 753 3278 Antipatrum
772 3198 981 3279 responsione
1002 3192 1087 3279 apud
1108 3196 1317 3261 Ciceronem¹
1337 3217 1402 3257 ma·
1456 3274 1463 3287 ,

78 3292 225 3355 bifestum
241 3291 290 3352 fit.
335 3291 405 3351 Nec
425 3288 629 3371 enimipsnm.
645 3292 711 3372 hoc
725 3293 905 3365 decretum,
929 3289 1042 3364 idest,
1066 3289 1143 3353 nibil
1161 3292 1399 3372 comprehendi,

79 3382 268 3449 Academici
301 3383 564 3464 comprehensum
593 3382 653 3445 sibi
682 3384 842 3461 dicebant,
880 3386 936 3446 sed
964 3384 1134 3464 probabile
1167 3384 1400 3451 existimabant.

80 3479 143 3542 Sed
169 3499 205 3539 ea
231 3488 277 3538 est
299 3476 382 3538 inter
412 3477 623 3555 Pyrrhoniaau
650 3489 682 3542 ct
703 3477 924 3541 Academicatn
947 3466 1123 3554 rationem,
1153 3500 1249 3562 quum
1274 3478 1401 3562 utrique

78 3570 264 3657 philosophi
286 3571 410 3650 epoche
428 3580 574 3644 utantur,
606 3570 724 3647 idest,
754 3572 965 3635 assensionem
987 3572 1176 3646 cohibeant,
1206 3571 1315 3652 potior
1341 3573 1403 3633 dif-

78 3666 232 3741 ferentia,
264 3666 350 3748 quod
375 3663 580 3737 Academici,
617 3665 664 3726 uti
686 3676 797 3747 postea
819 3664 998 3746 planissime
1020 3664 1197 3740 constabit,
1234 3687 1344 3728 verum
1366 3687 1403 3729 ac

78 3760 191 3825 laisum
218 3779 259 3821 ex
285 3760 382 3820 rebus
407 3758 533 3821 minime
558 3759 688 3832 tollant,
727 3780 766 3820 ac
791 3780 851 3820 nec
876 3780 917 3820 ex
944 3758 1115 3839 phantasiis
1145 3759 1291 3843 quidem:
1331 3781 1402 3823 nam
1504 3748 1507 3753 ’

78 3852 259 3965 phantasias
282 3864 335 3914 aut
357 3858 489 3915 veraces
516 3863 569 3913 aut
597 3854 763 3914 urendaees
784 3851 918 3913 dicum:
964 3850 1141 3931 Pyrrhonii
1167 3853 1245 3916 baec
1267 3867 1401 3937 utraque

78 3968 189 4025 emmas
200 3942 391 4036 αὸιαφορα
412 3945 446 4007 id
464 3957 530 4020 est,
556 3945 660 4007 nihil
650 3957 733 4008 mter
751 3965 788 4007 ea
801 3956 952 4007 interesse
964 3944 1207 4026 pronuntiant
1227 3948 1402 4027 Pyrrhonii

78 4039 210 4125 paribus
237 4040 341 4103 omnia
371 4038 506 4101 stabiliri
535 4038 712 4102 rationibus
743 4040 940 4101 existimant:
975 4039 1159 4103 Academici
1187 4052 1219 4102 et
1248 4044 1400 4126 quaedam

78 4134 300 4214 improbabilia
326 4132 473 4207 omnino,
499 4144 530 4194 et
553 4133 610 4194 alia
634 4133 700 4195 aliis
719 4133 961 4238 probabiliora,
994 4153 1075 4215 quae
1100 4134 1245 4214 pluribus
1268 4148 1321 4196 aut
1341 4146 1401 4216 po·

78 4224 214 4289 tiorihus
235 4226 413 4290 rationibus
440 4226 629 4302 illiciantur,
665 4228 879 4310 maioremque
905 4227 1000 4288 'fidem
1034 4227 1169 4302 iaciant,
1204 4232 1381 4292 concedunt
1391 4250 1408 4313 3¹

80 4339 161 4402 quae
181 4330 283 4381 tamen
305 4322 419 4382 ιιιιιιιιιι
415 4320 634 4404 quantumvis
646 4322 844 4403 probabilia,
868 4341 964 4405 quum
988 4323 1216 4403 comprehensa
1241 4342 1304 4383 non
1322 4323 1398 4399 sint,

80 4433 241 4477 assensum
260 4412 330 4473 ab
322 4413 400 4494 ipsis
422 4413 547 4477 minime
570 4422 792 4521 extorqueapt.

162 4508 207 4569 Et
233 4508 311 4568 haec
339 4510 377 4569 de
398 4507 509 4589 Scepsi
536 4530 598 4590 pro
626 4498 759 4573 instituti
788 4509 891 4572 nostri
915 4506 1037 4572 ratione
1063 4509 1140 4589 satis
1170 4511 1279 4574 multa
1334 4512 1402 4575 Iam
1434 4578 1439 4585 x

79 4599 159 4664 enim
183 4603 229 4665 ad
258 4600 460 4663 Academiam
493 4602 616 4665 reverti
626 4616 788 4689 tempus;
832 4605 889 4666 sed
916 4602 1091 4678 contrarii,
1140 4602 1172 4667 id
1202 4617 1267 4680 est,
1301 4605 1402 4668 Stoici

80 4694 239 4758 exereitus
262 4695 363 4782 copiis
386 4695 474 4778 prins
502 4696 712 4774 enumeratis,
744 4707 778 4760 nt
805 4696 1007 4780 promisimus
1041 4710 1072 4759 et
1096 4698 1307 4762 necessarium
1335 4700 1403 4762 exi·

80 4781 287 4852 stimamum¹
532 4814 534 4819 ·

19 4914 240 4933 ,ιμ’-’.α

155 4994 192 5062 (1)
214 4996 246 5047 ιιι
264 4994 383 5050 lucullo
406 4997 504 5064 (234.
