3252 5490
621 242 623 255 t
719 250 729 285 ι
762 224 765 231 .

422 387 425 394 ’
530 408 622 514 nm.
646 409 714 474 111.
760 408 802 475 o.
827 409 858 473 r.
884 384 935 474 s.
1331 415 1393 481 us
1435 434 1436 438 ¹

58 548 186 620 Minime
211 550 244 617 id
261 549 405 634 quidem,
429 547 576 635 inquam,
602 549 755 615 alienum:
791 555 988 638 multumque
1013 559 1054 619 ad
1074 576 1131 631 ea,
1155 578 1238 641 quse
1259 561 1393 645 quaeri-
1446 637 1449 643 Ι
1478 570 1481 576 “

58 669 144 724 mus,
165 640 339 735 explicatio
357 643 685 727 tuaismprofecerit.
731 648 784 711 15.
808 650 1024 737 Experiamur
1039 651 1158 735 igitur,
1182 651 1305 736 inquit,
1330 656 1391 720 etti
1450 636 1479 726 ,³

57 741 147 807 babet
167 741 248 805 haec
270 741 453 805 Stoicorum
475 737 559 801 ratio
581 738 737 803 difficilius
752 741 900 824 quiddam
916 754 948 807 et
963 744 1144 808 obscurius.
1191 747 1274 808 Nam
1290 768 1391 831 quum
1430 750 1443 792 f
1474 776 1490 825 g
1534 753 1538 760 '

57 835 88 898 in
115 835 243 905 Gracco
272 853 422 896 sermone
450 834 529 896 haec
549 832 618 915 ipsa
641 837 799 916 quondam
822 857 931 899 rerum
953 838 1080 904 nomina
1102 860 1259 903 noverum
1285 862 1390 905 aava·
1440 834 1442 839 ¹
1549 872 1551 879 ¹
1601 852 1603 873 ¹

57 929 206 1003 bantur¹,
232 948 314 1012 quae
337 949 420 989 nunc
441 928 639 993 consuetudo
663 928 811 992 diuturna
831 932 953 995 triviis·
977 932 1053 1018 quid
1074 955 1184 998 censes
1208 935 1242 1011 in
1265 924 1411 1002 Larino?
1437 970 1440 979 ¹
1493 951 1496 965 '

57 1018 146 1089 tore?
168 1020 382 1093 Faciendum?
404 1021 436 1085 id
451 1019 577 1105 quidem
599 1033 667 1095 est,
691 1021 832 1107 inquam.
856 1025 892 1088 si
915 1025 996 1089 enim
1019 1027 1145 1091 Zenoni
1160 1027 1266 1110 licuit,
1288 1053 1391 1114 quum

57 1142 119 1185 ram
139 1118 277 1203 aliquam
300 1115 473 1180 invenisset
493 1114 690 1193 inusitatam,
713 1117 893 1207 inauditum
908 1141 1040 1205 quoque
1058 1120 1091 1184 ei
1113 1120 1163 1186 rei
1189 1145 1305 1189 nomen
1326 1126 1390 1189 inr-

57 1236 190 1298 ponere,
222 1233 283 1276 cur
310 1232 375 1276 non
405 1211 498 1297 liceat
529 1209 672 1275 Catoni?
706 1213 777 1277 Nec
798 1223 904 1278 tamen
926 1215 1065 1297 exprimi
1088 1219 1220 1281 verbum
1234 1214 1260 1282 ‘c
1284 1222 1391 1285 verbo

59 1327 180 1372 necesse
204 1306 284 1382 erit,
319 1316 354 1367 ut
381 1305 573 1387 interpretes
596 1304 741 1370 indiserti
763 1309 885 1386 solent,
911 1331 1007 1393 quum
1030 1309 1072 1373 sit
1091 1313 1246 1388 verbum,
1278 1317 1391 1398 quud³

57 1403 133 1467 idem
160 1401 333 1474 declaret,
378 1399 499 1485 magis‘t
531 1399 692 1464 risitatum.
750 1403 910 1487 Equidem
942 1404 1033 1468 soleo
1064 1405 1179 1480 etiam,
1211 1410 1302 1491 quod
1321 1430 1390 1474 rino
1604 1474 1605 1485 ,

59 1494 184 1573 Graeci,
210 1495 236 1561 si
262 1494 352 1561 aiter
374 1504 438 1556 non
457 1512 606 1576 passum,
632 1493 713 1558 idem
727 1496 876 1577 pluribus
893 1498 1001 1561 verbis
1017 1494 1200 1580 exponere:
1226 1512 1258 1563 et
1281 1490 1406 1567 tamen'
1488 1560 1491 1573 ,
1604 1540 1605 1547 .

58 1601 131 1673 puto
163 1588 299 1654 concedi
326 1588 421 1651 nobis
451 1601 625 1671 oportere,
656 1602 691 1652 nt
724 1592 854 1655 Graeco
883 1593 986 1656 verbo
1017 1604 1162 1668 utamur,
1197 1592 1225 1655 si
1257 1598 1388 1678 quando

59 1685 152 1749 minus
185 1697 340 1752 occrrrret
369 1683 541 1760 Latinum,
576 1705 615 1747 ne
642 1685 707 1749 hoc
735 1684 916 1768 ephippiis⁵
947 1698 978 1750 et
1012 1688 1236 1771 acratophoris
1257 1690 1388 1772 potius,

60 1802 145 1864 quum
166 1780 375 1866 proegmenis
394 1793 426 1844 et
448 1779 717 1865 apoproegmenis
740 1783 947 1844 concedatur.
991 1781 1192 1867 Qtranrquarn
1214 1784 1294 1845 haec
1315 1784 1391 1870 qni·

60 1880 121 1942 dem
138 1875 366 1959 praeposita⁶
388 1884 475 1938 recte
491 1882 523 1936 et
537 1873 666 1937 reiecta
680 1873 786 1961 dicere
798 1874 918 1938 licebit.
950 1876 1002 1938 16.
1031 1877 1121 1957 Bene
1139 1874 1245 1952 facis,
1262 1877 1387 1962 inquit,
1440 1875 1442 1879 ’

61 1975 140 2057 quod
160 1992 209 2034 me
233 1969 385 2033 adiuvas:
410 1981 442 2032 et
462 1967 532 2031 istis
555 1967 698 2050 quidem,
722 1971 925 2053 quaerundo
948 1967 1078 2046 dixisti,
1102 1980 1175 2033 uter
1195 1970 1304 2054 potius
1318 1972 1389 2035 La.

61 2066 143 2142 tinis3
164 2065 201 2129 in'
220 2064 339 2129 ceteris
360 2060 549 2137 subvenies,
574 2061 604 2124 si
622 2083 672 2124 mc
692 2061 875 2139 haerentem
898 2063 1032 2127 videbis.
1077 2063 1216 2142 Sedulo,
1240 2064 1385 2153 inquam,
1425 2088 1427 2092 ·

61 2159 190 2223 inciam..
205 2152 287 2225 [Sed
298 2156 462 2251 fortuna
472 2154 621 2249 fortes:
643 2176 742 2241 qnare
764 2177 903 2234 conare,
928 2177 1063 2241 quaeso.
1108 2157 1198 2239 Quid
1218 2159 1301 2222 enim
1323 2161 1392 2226 hoa

60 2254 240 2337 possumus⁷
264 2273 362 2338 agere
383 2248 566 2316 divinius⁸l
1054 2240 1059 2253 '
1339 2284 1344 2333 5
1430 2270 1432 2275 ·

136 2350 182 2415 V.
206 2350 324 2414 Placet
344 2347 433 2423 hisi,
457 2344 578 2432 inquit,
617 2344 862 2429 quoriunbatin
885 2343 961 2408 mibi
982 2348 1160 2428 probatur,
1198 2348 1390 2435 simulatque
1423 2414 1426 2427 ,

61 2456 156 2509 natum
178 2444 220 2509 sit
243 2443 378 2519 animal,
414 2441 501 2522 (hinc
522 2437 605 2504 eninr
627 2449 677 2502 est
698 2438 913 2517 ordiendum)
934 2439 1038 2522 ipsum
1067 2440 1129 2504 sibi
1158 2443 1325 2508 conciliari
1355 2455 1392 2507 ct

61 2539 269 2606 commendari
291 2541 333 2603 ad
353 2560 387 2602 se
410 2536 688 2609 conservandum,
712 2546 745 2608 et
765 2536 804 2597 ad
826 2555 917 2596 suum
940 2545 1074 2611 statum,
1110 2556 1231 2621 eaque,
1268 2558 1351 2623 quae
1361 2537 1390 2577 ¹⁰

61 2633 278 2699 conservantia
300 2644 371 2697 stunt
394 2632 460 2695 eius
482 2626 599 2704 status,
631 2627 813 2717 diligenda:
838 2627 968 2693 alienari
989 2641 1094 2694 autern
1119 2631 1163 2693 ab
1179 2629 1309 2694 interitu
1329 2629 1388 2694 iis·

62 2731 147 2813 quel¹
167 2729 285 2803 rebus,
310 2718 392 2812 quae
413 2723 574 2790 interitum
596 2718 764 2786 videantur
785 2723 917 2787 afferre.
961 2723 1001 2787 Id
1021 2723 1066 2786 ita
1088 2744 1158 2788 csse
1172 2723 1218 2786 sic
1231 2726 1387 2805 probant,

62 2826 139 2908 qnod
160 2834 236 2886 ante
260 2819 355 2904 quam
377 2820 549 2901 voluptas,
573 2822 630 2878 aut
644 2818 748 2881 ,dolor
762 2815 923 2902 attigerit,
947 2817 1264 2901 salmariuppetant
1325 2900 1329 2907 ι
1364 2818 1387 2895 i,

63 2911 532 3001 aspernenfflqueaaontraria:
569 2915 660 2994 quod
682 2932 747 2974 non
768 2911 879 2996 lieret,
913 2910 975 2975 nisi
996 2924 1113 2975 statum
1135 2912 1238 2994 ipsum
1260 2839 1396 3009 ainzim
1445 2930 1447 2935 ·

61 3009 238 3096 diligerent,
265 3008 425 3072 interitum
448 3006 610 3071 timerent.
657 3004 747 3069 Fieri
768 3016 873 3069 antem
896 3027 961 3069 non
985 3018 1117 3089 posset,
1142 3019 1177 3073 ut
1198 3019 1391 3101 appeterent
1479 3038 1485 3053 ι

64 3105 188 3190 aliquid,
221 3103 285 3167 nisi
306 3122 433 3166 sensum
454 3103 611 3167 haberent
633 3099 702 3174 sui,
736 3119 842 3184 eoque
863 3120 897 3163 sc
921 3111 951 3165 et
974 3102 1065 3164 sua¹³
1091 3100 1273 3187 diligerent.
1332 3106 1390 3168 Ex

64 3221 119 3284 qno
138 3199 276 3284 intelligi
299 3199 412 3275 debet,
436 3196 628 3280 principium
650 3197 779 3273 ductum
801 3191 920 3258 ossea
950 3215 983 3257 se
1015 3194 1227 3281 diligendum.
1273 3198 1325 3259 17.
1349 3197 1391 3261 In

63 3293 215 3378 principiis
250 3305 364 3363 autem
384 3291 583 3354 naturalibus
591 3291 618 3330 ‘¹⁵
646 3286 794 3373 plerique
825 3286 928 3353 Stoici
958 3310 1023 3354 non
1052 3301 1165 3372 putant
1189 3292 1392 3375 voluptatem

63 3406 122 3451 esse
143 3389 335 3470 ponendam.
395 3382 520 3465 Quibus
543 3402 606 3469 ego
628 3385 832 3447 vehementer
854 3383 1034 3448 assentior:
1058 3406 1115 3461 ne,
1140 3384 1167 3448 si
1189 3386 1390 3468 voluptatem
1490 3440 1498 3462 ,

63 3465 165 3544 natura
185 3478 334 3565 posuisse
354 3478 386 3541 in
408 3478 482 3541 iis¹⁶
504 3476 601 3541 rebus
623 3476 787 3553 videatur,
812 3497 894 3561 quae
914 3479 1046 3579 primam
1060 3490 1266 3562 appetuntur,
1291 3479 1392 3543 multa

63 3574 157 3657 tmpia
177 3585 367 3660 sequantur.
413 3574 498 3637 Satis
522 3594 590 3636 esse
610 3583 714 3659 autem
729 3570 910 3663 argumenti
924 3570 1074 3655 videtur,
1096 3574 1303 3659 quamobrem
1318 3572 1389 3648 illa,

884 3702 887 3709 ‚
992 3686 1001 3730 p
1012 3690 1020 3706 x
1326 3672 1336 3703 l

128 3790 164 3861 (¹)
183 3793 232 3848 Sic
258 3792 308 3847 Cd.
328 3792 462 3866 Stephani
484 3806 512 3845 et
538 3791 695 3852 Victoriam
727 3788 863 3853 iambos
883 3788 1187 3863 vocabulum'prnrsus
1206 3788 1390 3863 Tullianum,

64 3862 105 3918 sed
115 3874 217 3935 rarius,
232 3869 335 3924 multas
350 3870 481 3922 excitavit
497 3866 601 3920 turbas.
621 3865 712 3919 Verba
729 3862 797 3935 qaid
811 3871 945 3917 conserta
954 3860 1164 3937 Latino‘forel
1178 3867 1305 3940 explica:
1320 3885 1391 3940 quot

62 3940 134 3994 uerba
149 3941 276 3998 novanda
296 3960 376 3998 erunt
395 3946 426 3996 ln
442 3943 565 3996 Latino?
584 3971 623 3983 —
642 3958 736 3993 renam
758 3945 874 3992 nomina
891 3959 1033 3995 novaram
1050 3960 1108 3994 non
1125 3942 1296 3994 videbantur
1319 3943 1390 4001 cdd,

62 4014 149 4089 pleriq.
171 4021 212 4074 lu.
227 4021 273 4074 Cr.
292 4021 335 4074 M.
359 4021 405 4085 G,
425 4021 472 4089 qui
496 4022 567 4071 mire
581 4016 716 4088 explicat:
737 4018 998 4087 conspiciebantur,
1020 4015 1217 4095 apdirbantar.
1236 4048 1273 4061 -
1294 4038 1392 4074 rernm

63 4098 165 4145 nomina
193 4114 270 4149 nova
289 4104 349 4149 tum
367 4093 537 4149 videbantur
556 4096 588 4149 P.
608 4093 675 4146 Era.
697 4100 722 4149 1.
737 4096 781 4134 ⁴-
799 4110 893 4144 rerum
907 4097 1029 4144 nomina
1048 4110 1188 4145 novaram
1207 4110 1284 4149 nona
1301 4096 1391 4147 vide.
1506 4096 1510 4104 '

62 4164 155 4219 bamur
174 4171 207 4225 de
227 4170 270 4226 M.
291 4169 319 4227 G.
339 4172 372 4223 L.
395 4172 476 4225 Grut.
499 4168 535 4222 D.
556 4173 603 4241 qui
618 4184 760 4219 novarum
775 4168 821 4240 [].
834 4174 861 4222 2.
874 4198 913 4211 -
925 4187 1065 4221 novariam
1076 4187 1170 4220 rerum
1184 4175 1298 4221 nomina
1310 4189 1389 4224 nova
1446 4232 1449 4241 ,

63 4242 219 4299 videbantur
238 4252 306 4312 (sic)
324 4244 369 4299 Br.
385 4243 417 4301 Ε.
457 4245 494 4314 (²)
515 4250 536 4298 e'
550 4242 618 4299 Cdd.
639 4244 675 4295 D.
693 4242 834 4314 chq.'-
852 4244 1025 4296 Facillimum
1039 4247 1159 4297 Priores.
1174 4243 1255 4315 (fare
1263 4243 1392 4316 facien-
1417 4241 1421 4250 ’

64 4315 128 4372 llum·
163 4323 260 4377 Facill.
280 4322 336 4376 Alit
354 4320 421 4375 cdd.
441 4350 480 4363 -
491 4317 752 4392 forefaciendum.
784 4319 953 4375 Faciendum
972 4321 1028 4373 Alii
1048 4318 1117 4373 Cdd.
1139 4323 1183 4389 Ρ.)
1222 4319 1260 4394 (3)
1279 4349 1318 4361 -
1336 4341 1391 4394 quo
1480 4357 1483 4363 .

70 4401 93 4448 1.
109 4397 142 4450 G.
157 4407 183 4453 2.
203 4415 295 4452 errore
315 4413 424 4470 typogr.
444 4397 515 4450 Mox
534 4395 664 4447 declarat
682 4397 714 4447 V.
765 4391 802 4467 (4)
822 4413 838 4448 c
856 4393 925 4449 Cdd.
947 4395 1030 4450 Grut.
1051 4396 1131 4467 Seqq.
1152 4425 1191 4438 —-
1209 4401 1303 4466 magis
1330 4404 1392 4449 mi..

65 4482 139 4521 milve
165 4476 283 4529 Priores.
322 4473 360 4549 (⁵)
381 4501 416 4516 -·
435 4479 466 4525 in
484 4471 544 4543 cplr.
566 4471 601 4525 G.
623 4486 697 4543 susp.
717 4467 798 4543 prob.
819 4469 884 4524 Seh.
934 4469 973 4540 (ὅ)
993 4501 1030 4513 -
1045 4490 1100 4544 pro
1120 4477 1196 4523 onita
1215 4472 1253 4538 V.
1293 4470 1333 4546 (⁷)
1351 4497 1391 4534 ς,-

25 4536 28 4547 '
62 4547 257 4619 praedocet.
277 4549 310 4602 V.
361 4546 398 4622 (⁸)
420 4577 455 4591 -
476 4547 591 4617 dignius
610 4547 677 4598 Ern.
699 4563 773 4618 susp.
813 4544 850 4620 (⁹)
869 4551 961 4599 maiis
979 4547 1011 4600 L.
1058 4547 1095 4614 (lo
1129 4544 1229 4599 ecdd.
1250 4549 1285 4602 G.
1303 4554 1330 4603 2.
1351 4578 1389 4594 -··
1475 4610 1478 4621 Ι
1566 4554 1569 4563 ’

66 4624 89 4667 et
103 4620 140 4671 al
154 4642 231 4676 situm
249 4633 374 4691 statum,
395 4633 422 4675 et
442 4623 482 4674 ad
499 4642 533 4674 ea
552 4642 578 4694 q.
598 4624 675 4675 ΡΝ.
696 4620 737 4676 Μ.
759 4623 790 4675 L.
812 4631 837 4679 1.
859 4622 907 4694 (Ι).
928 4639 993 4675 cum
1014 4621 1082 4678 Cid.
1103 4619 1157 4675 del.
1170 4622 1210 4671 ad
1232 4637 1390 4688 antestium

66 4690 104 4744 Br.
121 4695 190 4751 idem
202 4701 259 4773 [])
279 4698 332 4775 (11)
352 4725 389 4740 ·-
409 4699 501 4770 hisque
520 4700 553 4751 V.
573 4695 625 4770 (12)
647 4694 695 4750 sic
714 4695 751 4750 G.
773 4703 799 4752 2.
819 4726 856 4740 -
874 4706 983 4751 stanam
1001 4714 1080 4748 sacrm
1100 4698 1269 4751 Priores·
1281 4708 1391 4755 statum

65 4769 144 4835 iusum
168 4776 238 4829 cdd.
267 4777 359 4830 multi.
409 4773 459 4847 (1³)
480 4803 517 4817 -
544 4789 601 4825 om.
621 4783 650 4825 et
669 4788 720 4822 rua
739 4772 810 4835 cdd.
831 4771 897 4845 aliq.
918 4774 953 4825 1).
1003 4771 1053 4847 (¹³)
1074 4789 1140 4825 cum
1159 4771 1227 4825 edd.
1249 4773 1332 4850 (Mn.)
1352 4780 1388 4832 1).

67 4839 105 4895 Bt·
134 4848 168 4902 G.
196 4857 222 4906 2.
249 4881 287 4897 -
314 4850 453 4919 diligendi
481 4852 512 4904 Ρ.
542 4850 585 4905 Μ.
606 4851 638 4903 L.
658 4875 697 4888 ·-
716 4847 854 4916 diligendi
874 4853 917 4899 sul
934 4853 1006 4902 Ven.
1028 4850 1111 4906 1494.
1131 4850 1178 4901 Cr.
1206 4848 1240 4900 V.
1265 4852 1333 4905 Em,
1364 4865 1391 4913 1,

68 4915 109 4990 (¹⁵)
136 4923 180 4977 Sic
208 4924 258 4981 Cd.
288 4944 310 4981 s.
341 4925 371 4985 Ε.
396 4927 504 4980 Ursini:
533 4926 581 4978 Br.
601 4925 637 4978 G.
661 4929 689 4977 2.
709 4952 748 4968 -ι
766 4924 946 4977 natiualtbra
965 4923 1102 4993 diligendi
1125 4928 1171 4975 sai
1187 4927 1289 4980 Ceteri.
1309 4929 1394 4984 D.·et

66 4988 180 5072 Emi]
201 5002 321 5059 dr1.n.r.
361 5000 412 5072 (¹⁶)
433 5031 467 5046 -.
487 4999 531 5073 tu
550 5001 583 5057 P.
603 5002 637 5054 v.
660 5000 695 5059 G.
