3226 5488
419 408 423 515 j
528 410 875 525 '‘acaueauca
953 390 958 401 “
1203 368 1206 375 ⁴
1327 417 1387 481 ιιι

150 556 235 620 Illud
256 576 355 631 vero,
380 557 502 638 quoda
525 554 685 619 Cicerone
695 554 838 628 dicitur,
860 551 1039 618 Arcesilam
1058 574 1123 619 non
1140 552 1311 636 pertinacia
1335 566 1390 620 aut

65 652 171 716 studio
184 650 327 713 vincendi
342 672 412 719 cram
428 650 561 714 Zenone
574 661 730 713 certarnen
749 647 939 724 instituisse,
964 648 1097 730 probri,
1122 650 1209 726 quod
1223 649 1389 713 Arcesilae

58 743 276 825 obiicerem,
315 743 499 824 depulsandi
527 763 621 827 causa
649 742 764 807 dietum
787 742 974 824 accipimusz
1011 743 1091 805 haee
1112 741 1214 818 euim,
1240 764 1321 827 quae
1348 765 1390 819 ea
1489 750 1493 755 ’

64 836 254 901 Lactantio¹
282 835 505 927 Numenioque
531 835 763 910 adscribemus,
801 857 843 899 ex
861 835 1078 925 xantiquorum
1103 835 1256 915 sententia
1288 835 1388 918 petita

64 943 157 993 seint.
192 930 402 997 Lactantiust
432 932 574 1003 „Verum
603 929 770 995 Arcesilas
789 928 988 1013 ignorantiae
1014 928 1183 1012 magister,
1208 952 1303 1012 quum
1325 932 1389 993 Ze·

63 1025 141 1088 noni
162 1027 376 1100 obtrectaret,
399 1024 537 1107 principi
552 1023 755 1097 Stoicorum}
778 1035 813 1087 ut
831 1034 930 1087 totam
953 1020 1187 1102 philosophiam
1211 1035 1388 1130 everteret,

44 1122 211 1198 -(auctore
236 1122 384 1197 Socrate)
401 1117 550 1201 suscepit
575 1119 656 1181 hanc
686 1117 892 1190 sententiam,
926 1127 961 1176 ιιι
991 1114 1179 1190 affirmaret,
1213 1117 1289 1180 nihil
1315 1117 1389 1181 sciri

62 1234 172 1318 posse.
216 1214 330 1296 Itaque
352 1213 499 1297 coarguit
518 1211 768 1277 aestimationem
783 1209 1068 1291 philosophorum,
1095 1208 1150 1292 qui
1175 1211 1385 1291 putavissent,

60 1306 197 1391 ingeniis
218 1305 284 1369 suis
306 1302 426 1367 citatam
450 1326 522 1368 csse
545 1294 638 1387 atque
660 1307 819 1369 inventam
844 1305 1025 1378 veritatem,
1050 1301 1388 1375 ιιοι.”11ιιιιιιοιιιιιι2

61 1404 103 1465 de
126 1402 256 1465 Zenone
278 1410 311 1462 et
332 1396 497 1461 Arcesila:
522 1423 714 1488 conmotam
716 1423 767 1474 τις
787 1394 880 1504 meod
902 1401 1075 1481 Πολέμωνι
1097 1392 1391 1488 ἐφιλοτιμήθησαν

61 1489 231 1576 ἀλλήλοις,
254 1494 373 1569 idest,
399 1515 492 1576 quum
508 1491 694 1557 Polemonis
718 1490 863 1576 magistri
885 1491 1025 1553 scholam
1051 1512 1111 1554 rana
1132 1489 1386 1573 frequentarent,

61 1599 174 1652 ιιιιιιιιο
200 1586 379 1676 ambitionis
408 1598 440 1649 et
473 1585 685 1653 contentionis
706 1586 811 1696 studio
835 1597 1035 1649 exarserunt.
1049 1587 1124 1677 „Et
1146 1584 1234 1651 alio
1226 1607 1257 1649 ιιι
1278 1586 1397 1649 loeo³.

60 1678 122 1746 τοι
148 1684 183 1747 δι’
214 1678 273 1747 eain
299 1674 434 1759 Zriumun
459 1674 725 1789 Apaeoiiaoff
706 1682 902 1766 ιιιιίιιχιιοιι
918 1704 975 1745 aas
1007 1654 1171 1760 agisinensi!
1199 1672 1390 1794 ὑπιὶρχοιιιιι
1435 1684 1445 1697 ’

58 1774 201 1885 &repaire
226 1769 302 1850 τοὺς
329 1773 398 1863 aad
427 1772 547 1840 ἐκείνου
577 1768 846 1865 ἀποφερομένους
873 1766 992 1857 λόγους
1024 1767 1119 1838 καθ
1100 1797 1170 1866 apes
1205 1797 1263 1838 και
1294 1768 1390 1838 οὐδὲν

58 1864 163 1935 ὤκνει.
183 1866 301 1941 idest,
326 1889 422 1948 quum
440 1866 541 1973 igitur
559 1866 721 1930 Arcesilas
740 1868 905 1933 Zenonem
927 1865 1034 1930 sibim
1054 1878 1121 1928 arte
1139 1868 1297 1929 aemulum
1316 1887 1387 1931 esse
1461 1892 1485 1905 ··

57 1961 203 2037 videret,
234 1961 425 2049 dignumque
449 1959 659 2024 existimaret
662 1950 903 2035 aduersarium,
938 1983 980 2023 ex
996 1981 1072 2043 quo
1104 1959 1263 2025 debellato
1290 1961 1386 2022 deciis

40 2054 123 2117 ‘sibi
149 2069 298 2137 pararet,
323 2075 530 2138 quaecunque
551 2057 590 2117 ab
613 2055 682 2119 ille
692 2056 773 2119 dicta
794 2058 833 2118 ad
850 2077 885 2118 se
903 2054 1147 2133 deserebantur,
1172 2051 1324 2162 impigre
1330 2053 1389 2114 im

55 2151 225 2231 pugnabat
254 2159 286 2212 et
308 2146 477 2230 intrepide.
532 2149 576 2211 Et
601 2149 710 2230 paullo
738 2160 837 2230 post·
877 2148 924 2213 Τὸ
953 2152 987 2212 dd
974 2143 1128 2232 ἑῦόγιιιι
1157 2148 1254 2213 τοῦτο
1283 2142 1388 2237 αὐτοῦ

54 2235 190 2353 apciton
210 2235 404 2329 svpoyaa'nov,
424 2239 584 2308 casiadei>
607 2239 712 2353 duona
728 2246 856 2328 Addume
871 2238 1096 2329 εὐδοκιμοῦν
1081 2266 1114 2307 ιι
1134 2245 1206 2318 ταῖς
1219 2222 1390 2321 Αθιιαις

54 2333 120 2421 τὴν
144 2332 388 2416 καταληπτικὴν
413 2338 621 2442 apostemata,
644 2332 734 2429 πάσι)
763 2337 889 2429 mpori
917 2337 1033 2423 ἐχρῆτο
1056 2335 1094 2400 ele
1119 2330 1231 2416 αὐτην.
1258 2335 1291 2399 itl
1320 2347 1386 2399 est:
1448 2402 1452 2411 ,

54 2451 157 2514 qurum
174 2428 274 2512 igitur
293 2432 410 2514 dogma
432 2431 522 2494 hoc
513 2450 679 2535 ipsuruque
701 2452 816 2495 nomen
836 2407 1129 2511 comprehendentis
1145 2429 1328 2510 phantasiae
1345 2430 1384 2497 ab

52 2523 115 2587 illo
144 2523 281 2605 primum
309 2525 472 2587 inuentum
498 2525 634 2589 maxime
660 2525 797 2590 Athenis
823 2523 1041 2589 celebrarier
1066 2524 1194 2604 placere
1218 2535 1384 2597 cerneret,

53 2616 147 2680 omni
166 2619 318 2682 adversus
342 2640 413 2715 earq
429 2618 641 2683 machinarum
665 2640 782 2704 genere
804 2622 965 2683 utebatur.
1011 2616 1123 2681 Subdit
1141 2627 1245 2679 autem
1266 2619 1388 2681 Plumea
1413 2695 1420 2709 .

19 2709 146 2786 ‘nium
171 2712 346 2788 Zenonem,
372 2694 468 2797 quium
489 2714 585 2775 mirlta
608 2713 747 2779 fortasse
771 2715 923 2788 haberet,
949 2731 1029 2794 quae
1056 2730 1117 2791 pro
1140 2729 1196 2771 sua
1221 2711 1386 2791 phantasia

52 2804 196 2878 diceret,
221 2804 298 2868 nihil
316 2819 419 2871 tamen
443 2807 668 2914 respondisse,
693 2830 803 2871 verum
827 2829 924 2890 ιιιιιιιιι
947 2805 1065 2866 nullum
1089 2816 1258 2885 appareret
1281 2804 1386 2866 Arce-

51 2897 135 2962 silae
157 2901 338 2972 decretum,
362 2899 475 2983 quod
466 2921 534 2981 ipse
560 2902 696 2967 vicissim
716 2901 941 2985 impugnaret,
955 2901 1118 2977 adversus
1136 2897 1282 2966 Platonis
1308 2893 1387 2963 nihil

49 2991 88 3055 in
123 3012 156 3053 se
184 2992 361 3055 commeriti
391 2996 540 3078 dogmata
568 3015 639 3061 sese
673 2997 885 3065 conuertisse.
943 2995 1078 3097 Impune
1107 3013 1188 3076 ergo
1220 2993 1386 3061 Arcesilas

51 3104 168 3147 sensns
197 3097 230 3147 et
263 3085 939 3172 consuetudinem'eoinprehensionemque
966 3086 1147 3151 universam
1179 3088 1383 3162 devastabat,

52 3180 160 3249 donec
184 3176 318 3250 exortus
348 3180 437 3259 ultor
465 3191 532 3254 est,
566 3179 768 3286 Chrysippus
795 3181 976 3257 videlicet,
982 3179 1052 3264 qui
1078 3179 1247 3270 porticum
1259 3180 1386 3243 videtur

47 3270 169 3335 fulcire
185 3272 402 3349 Stoicorum,
425 3272 459 3337 id
479 3286 545 3350 est,
570 3274 717 3355 porticus
738 3275 884 3351 columna
902 3296 993 3339 esse:
1031 3298 1059 3337 ει
1076 3269 1121 3358 ιιι)
1144 3268 1385 3362 γὰρήνιΧρύ-
1408 3320 1415 3329 ,

51 3384 194 3443 aennon,
217 3353 531 3446 asseverasset.
555 3368 677 3433 idest:
702 3370 802 3443 Nam,
826 3367 1296 3449 srChrysippusnonfrusset,
1321 3388 1387 3431 non

46 3461 142 3525 foret
157 3461 248 3524 Stoa.
292 3463 388 3524 Hunc
413 3462 473 3541 (uti
489 3462 700 3527 Plutarchus⁶
722 3463 845 3542 scribit)
869 3484 931 3525 non
955 3483 1046 3535 casu,
1073 3463 1130 3524 sed
1152 3463 1282 3525 deorum
1306 3483 1387 3543 pro·

47 3554 191 3619 videntia
217 3558 351 3637 quadam
384 3555 485 3620 Stoici
515 3555 662 3621 dicebant
689 3569 764 3638 post
790 3557 987 3630 Arcesilam,
1024 3567 1057 3617 et
1085 3567 1157 3617 ante
1189 3553 1385 3637 Carneadem

47 3645 232 3730 prodiisse,
259 3671 400 3732 quorum,
413 3648 467 3713 ille
490 3648 615 3732 quidem
639 3648 770 3715 iniuriae
788 3671 825 3711 ac
848 3649 1057 3715 contumeliae
1075 3651 1229 3713 adversus
1248 3669 1385 3712 consue-

47 3736 192 3807 tudinem
215 3740 335 3805 initium
365 3742 472 3821 dedit,
504 3744 557 3806 hic
588 3764 667 3807 uero
696 3744 961 3808 Academicorum
993 3743 1130 3807 omnium
1156 3741 1383 3806 celeberrimus

43 3833 126 3898 fuit.
173 3833 372 3918 Chrysippus
393 3835 493 3921 igitur
518 3856 614 3921 quum
637 3836 905 3921 inter'utrumque
926 3836 1116 3914 exstitisset,
1141 3835 1198 3912 iis,
1227 3857 1307 3921 quae
1326 3839 1383 3899 ad·
1438 3909 1444 3915 .

47 3947 167 3990 versus
202 3928 382 3993 Arcesilam
410 3930 531 4013 peripta
562 3930 716 4014 reliquit,
756 3930 929 3996 Carneadis
957 3929 1087 4014 ingenio
1121 3942 1215 4013 atque
1243 3928 1383 3995 acumini

46 4021 145 4104 qimai
169 4021 284 4085 vallum
307 4022 461 4104 opposuit
482 4022 664 4107 aditumque
690 4023 879 4106 praechssit,
916 4024 1020 4086 miultis
1046 4023 1216 4106 praesidiis,
1235 4024 1324 4108 quasi
1349 4024 1383 4089 in

47 4113 254 4183 obsidionem
269 4117 414 4203 sensibus
430 4131 460 4180 et
475 4118 694 4183 consuetudini
714 4119 851 4192 relictis,
876 4117 1075 4199 tumultuque
1094 4118 1198 4191 oanni,
1220 4117 1275 4201 qui
1293 4119 1380 4181 circa

46 4207 183 4271 notitias
209 4209 335 4281 oboriri
357 4210 525 4292 aliquando
544 4212 825 4293 posset,‘osunioo
847 4211 992 4283 sublato,
1018 4210 1151 4293 siugulis
1174 4208 1211 4273 iis
1227 4211 1381 4275 correctis

45 4312 197 4384 apteque
220 4304 256 4365 a‘c
277 4303 415 4384 proprio
436 4305 512 4371 loco
539 4304 673 4386 positis:
697 4305 744 4383 itav
767 4298 877 4389 utqui
901 4306 1014 4369 iterum
1040 4305 1071 4366 iu
1097 4307 1383 4387 posterumrebus

45 4393 118 4459 vim
144 4393 284 4470 inferre,
310 4418 427 4482 casque
449 4400 525 4462 loco
545 4399 667 4480 pellere
690 4401 960 4483 aggrederentur,
985 4398 1061 4461 nihil
1084 4398 1383 4482 ampliusagerent,

45 4509 150 4573 quam
171 4500 206 4552 ut
230 4491 419 4573 deprehensi
436 4513 557 4575 poenas
579 4496 704 4559 darent.
747 4486 840 4557 Haec
865 4492 966 4556 Stoici
988 4496 1027 4556 de
1043 4492 1250 4576 Chrysippo,
1274 4493 1382 4569 idest,

46 4584 199 4655 Hectore
227 4606 303 4650 siro.
361 4588 408 4651 At
434 4588 620 4665 Academici
643 4590 740 4671 longe
768 4588 859 4659 aliter
889 4590 927 4651 de
954 4588 1011 4661 illo
1036 4589 1199 4655 sentiunt..
1248 4588 1383 4652 'santum

45 4675 136 4741 enim
159 4680 269 4742 abesse
289 4700 359 4745 eum
378 4680 482 4755 aiunt,
506 4692 542 4747 ut
560 4682 703 4747 sensibus
728 4682 1012 4766 consuetudinique
1034 4681 1207 4744 subsidium
1231 4682 1382 4757 attulerit,

52 4778 1383 4804 *θῇ-Ἥ

130 4819 170 4895 (1)
190 4821 250 4877 Lib.
271 4828 304 4880 5
315 4823 350 4876 de
369 4822 431 4878 fala.
450 4842 510 4898 asp.
530 4842 555 4878 c.
575 4828 602 4883 6
642 4825 680 4900 (1)
701 4827 791 4900 Apud
805 4828 904 4881 Euseh.
918 4830 1006 4900 Praep
1031 4828 1079 4880 lib.
1094 4832 1145 4892 1¹3,
1167 4834 1193 4887 5
1232 4830 1269 4896 (1)
1285 4833 1386 4903 Praep

45 4896 116 4950 Lata
141 4902 191 4959 tlt
211 4901 239 4956 6
279 4899 316 4964 (1)
337 4901 397 4953 Cic.
417 4905 446 4953 in
467 4900 592 4975 Lucullo.
613 4902 645 4956 C.
664 4904 710 4960 2l.
761 4902 799 4976 (1)
818 4904 911 4957 baert.
932 4908 962 4957 tn
982 4904 1078 4977 Chrys.
1127 4903 1164 4971 (1)
1184 4906 1225 4959 De
1244 4922 1385 4963 commun.

45 4976 141 5027 norit.
151 4970 220 5082 adr
242 4973 330 5027 Stoic.
351 4993 378 5048 p.
402 4979 483 5034 1059
505 4980 535 5030 e.

435 5258 449 5287 Ι
