3188 5492
221 412 285 485 fid
599 416 613 475 l
650 416 850 487 aunuum
876 414 1133 531 ademerint

194 548 199 552 ⁸
221 558 307 641 apud
327 552 559 645 Carthaginem
584 558 700 625 munitos
723 580 824 624 annos
847 555 1196 626 consulentibusmira
1226 560 1378 644 quaedam
1405 565 1435 622 et
1462 572 1527 625 certa

164 733 172 742 Ι
220 654 418 739 respondit?
451 655 699 720 Innumerabilia
728 664 979 721 commemorare
1003 674 1153 736 possem,
1185 653 1245 717 nisi
1268 665 1300 717 et
1322 655 1475 735 apudeos
1491 649 1528 716 lo·

195 760 361 834 ‘querer,
394 749 448 834 qui
478 749 604 833 experti
625 761 715 827 sunt,
753 761 785 814 et
806 750 914 833 paneis
936 771 1021 814 nunc
1048 749 1124 812 satis
1152 748 1193 811 ait
1222 751 1263 811 ad
1289 748 1320 811 id
1347 753 1434 833 quod
1457 750 1528 813 volu.

222 826 340 911 Nonne
371 845 588 910 cochlearium
617 844 706 925 (mihi
734 858 837 909 arrtem
859 845 998 925 dicebat)
1019 864 1115 930 quum
1134 841 1226 917 ,domi
1246 863 1312 909 non
1332 843 1528 919 inveniretur,

222 950 287 1009 tuo
302 939 390 1003 iussu
410 929 640 1022 pebcontatus,
675 960 740 1005 non
762 941 865 1004 solum
888 938 964 1024 quid
986 948 1216 1024 quaereretur,
1247 958 1360 1001 verum
1381 940 1471 1003 eham
1487 960 1530 1003 uo·

222 1031 365 1101 minutim
388 1035 476 1098 cuius
499 1055 551 1097 res
566 1045 671 1110 esset,
692 1046 726 1098 et
741 1034 795 1098 nbi
809 1036 943 1110 lateret,
968 1031 1116 1098 citissime
1132 1028 1361 1116 rerissirneque
1375 1031 1530 1115 respoudit?
1556 1033 1558 1037 ’

224 1130 305 1196 Item
337 1149 387 1191 me
409 1136 598 1211 praesente,
633 1128 747 1193 omitto
778 1129 879 1203 illud,
913 1130 1004 1212 quod
1034 1126 1066 1191 in
1098 1145 1141 1190 eo
1169 1128 1262 1209 quot
1281 1130 1458 1212 rogabatur
1469 1126 1533 1193 ‘etit

223 1222 355 1288 omnino
377 1221 476 1287 falsus
500 1234 570 1298 est,
594 1225 650 1286 sed
671 1245 767 1308 quum
789 1243 871 1305 perer
893 1222 947 1307 qui
968 1241 1115 1284 nummos
1137 1219 1277 1297 ferebat,
1300 1231 1422 1285 certam
1443 1244 1532 1289 corun

222 1329 366 1401 partem,
388 1338 485 1400 quum
507 1319 639 1380 adeum
661 1337 883 1400 pergeremus,
907 1315 1032 1379 furatus
1053 1326 1158 1390 esset,
1181 1335 1294 1379 omnes
1317 1314 1380 1378 sibi
1400 1317 1533 1381 numerari

222 1408 334 1486 iussit,
369 1410 544 1494 coegitque
573 1410 760 1474 illum-ante
787 1410 903 1475 ocrdos
930 1420 1063 1474 nostroe
1090 1428 1174 1493 ques
1205 1410 1383 1473 abraderet
1403 1414 1532 1488 reddens,

221 1503 312 1587 prius
335 1524 429 1588 quam
451 1504 582 1577 omnino
604 1503 672 1586 ipse
694 1516 748 1568 aut
770 1507 898 1568 eosdem
920 1522 1066 1583 nummos
1084 1501 1235 1580 nmini,
1257 1515 1314 1567 eut
1330 1515 1477 1589 quantum
1490 1505 1534 1569 sibi

222 1600 353 1665 allatum
374 1599 490 1674 fuerit,
515 1598 654 1664 audisset
675 1597 824 1662 euobis.

308 1696 362 1758 18.
387 1692 607 1776 Quidf‘quod
628 1691 846 1756 doctissimum
869 1701 900 1756 et
924 1690 1133 1757 clarissimum
1155 1689 1260 1755 uirum
1275 1691 1535 1764 Flaccianumrni·

222 1787 291 1854 rari
311 1788 439 1854 solitum
462 1808 532 1853 esse
555 1789 611 1850 abs
633 1798 666 1850 te
688 1786 885 1868 accepimus,
908 1785 984 1868 qui,
1002 1806 1105 1870 quum
1137 1787 1175 1848 de
1197 1785 1298 1849 fundo
1321 1789 1454 1852 emendo
1473 1796 1536 1865 meet

222 1883 371 1957 locutus,
410 1883 449 1946 ad
477 1881 567 1945 illum
596 1880 735 1945 divinum
761 1902 829 1943 rem
851 1880 896 1942 ita
919 1877 1053 1954 detulit,
1075 1890 1127 1940 =ut
1149 1878 1227 1963 quid
1248 1880 1390 1963 egisset,
1429 1884 1454 1944 si
1471 1885 1536 1964 petis

224 1989 329 2052 esset,
355 1977 507 2040 ediceret.
552 1977 661 2060 Atque
682 1976 736 2038 ille
758 1974 862 2038 statim
886 1995 951 2039 nou
975 1975 1073 2039 modo
1095 1972 1220 2065 negotii
1238 1996 1357 2058 mnus,
1383 1978 1440 2041 sed
1452 1976 1535 2050 etiam,

185 2137 188 2143 ,
222 2071 344 2156 inquo
367 2070 420 2132 ille
444 2072 648 2137 vehementer
669 2072 828 2135 clamabat
851 2069 1026 2144 admirans,
1051 2068 1154 2158 ipsum
1172 2069 1265 2133 fundi
1282 2090 1400 2135 nomen
1419 2064 1536 2153 pronun·

224 2165 335 2240 tinuit,
360 2157 457 2249 quum
481 2163 523 2227 ita
546 2175 631 2228 esset
652 2166 842 2240 absurdum,
878 2176 913 2226 ut
936 2162 992 2229 rix
1012 2162 1081 2227 eius
1103 2163 1289 2229 Flaccianum
1309 2164 1384 2246 ipse
1405 2165 1538 2228 meminis·

225 2271 289 2323 ect.
323 2260 391 2323 Iam
410 2258 490 2335 illqd
511 2258 579 2322 sine
601 2271 734 2341 stupore
756 2259 850 2322 animi
871 2280 935 2323 non
958 2276 1042 2340 queo
1065 2255 1188 2332 meere,
1211 2260 1301 2342 quud
1323 2259 1428 2325 amico
1448 2273 1541 2327 nosue

114 2352 116 2363 ¹
222 2355 383 2436 ‘discipulo
398 2366 454 2417 tuo
470 2374 542 2417 sese
564 2353 685 2418 volenti
705 2353 887 2437 exagitare,
910 2351 1129 2436 flagitantique
1149 2350 1345 2428 insolenter,
1371 2365 1407 2417 ut
1429 2354 1536 2429 diceret,

224 2448 300 2534 quid
320 2470 427 2510 secum
448 2447 517 2529 ipse
539 2446 654 2510 tacitus
676 2446 844 2521 volveret,
869 2444 1004 2529 Virgilii
1027 2462 1158 2535 ameum
1171 2465 1243 2508 eum
1259 2447 1411 2535 cogitare
1425 2470 1536 2530 respun-

103 2606 107 2613 ,
224 2544 302 2637 dit⁰⁴
343 2541 532 2622 errrmritle
560 2540 803 2624 obstupefactus
825 2556 944 2624 negare
965 2546 1034 2621 non'
1056 2551 1188 2620 posset,
1209 2542 1372 2622 ,perrexit
1393 2555 1536 2628 quaerere,

224 2636 369 2722 quisnam
398 2656 513 2699 versus
541 2646 637 2699 esset.
696 2635 767 2699 Nee
797 2634 997 2709 hitherius,
1032 2631 1088 2718 qui
1119 2634 1319 2718 grammatici
1340 2637 1537 2701 seholsmuix

224 2730 384 2794 mensiune
415 2731 544 2794 vidisset
565 2730 754 2817 aliquando,
789 2751 918 2793 versiam
939 2728 1044 2810 ipsum
1064 2749 1198 2793 secturus
1220 2741 1253 2793 et
1274 2733 1427 2815 garrulus
1449 2752 1537 2796 cauma

190 2892 207 2903 Α
226 2824 396 2888 dubitavit.
440 2826 525 2889 Num
542 2823 647 2906 igitur
669 2836 797 2887 autres
819 2825 974 2887 humanae
997 2843 1062 2885 non
1085 2834 1194 2899 erant,
1219 2828 1258 2888 de
1279 2827 1399 2909 quibus
1416 2826 1467 2890 ille
1480 2846 1540 2890 eon·

226 2919 409 2993 sulebatur,
449 2930 502 2981 aut
531 2912 602 2982 sine'
625 2940 733 2982 rernm
762 2918 941 2982 divinarum
971 2917 1101 2981 scientia
1125 2929 1189 2983 tarn
1211 2918 1299 2983 certa
1321 2919 1539 2985 consulentibus

216 3026 259 3091 ,et
280 3033 357 3076 vera
380 3011 571 3094 respondit?
602 3016 651 3078 At
672 3023 843 3097 utrumque
864 3012 1039 3075 eberardum
1062 3022 1123 3075 est.
1174 3014 1258 3077 Nem
1279 3025 1311 3075 et
1330 3014 1484 3081 humanae
1501 3033 1538 3076 res

226 3105 305 3171 nihil
319 3116 391 3185 sunt
402 3106 486 3171 aliud
498 3124 591 3189 quem
604 3127 657 3170 res
668 3105 844 3182 honuneun,
857 3117 892 3169 ut
907 3117 1085 3189 argentum,
1102 3104 1380 3183 mimmijfundus,
1397 3118 1538 3190 posuere

224 3200 294 3283 ipsa
318 3199 412 3263 etiam
435 3199 610 3284 cogitatio:
632 3211 665 3263 et
686 3218 738 3262 res
761 3199 882 3267 divinas
904 3199 976 3280 quis
997 3220 1061 3263 non
1083 3211 1172 3263 reete
1196 3201 1475 3276 arbitretur-ease,
1495 3220 1539 3283 per

226 3315 307 3380 quas
329 3291 451 3358 homini
472 3294 625 3357 divinatio
646 3292 718 3374 ipsa
740 3292 920 3378 contingit?
954 3292 1088 3376 Sapiens
1111 3304 1198 3379 crg'o·
1214 3293 1277 3358 fuit
1290 3295 1495 3380 Albicerius,
1519 3290 1540 3354 si

168 3418 175 3437 =
227 3388 413 3473 sapientiam
445 3404 554 3452 rerum
583 3388 792 3451 humanarum
822 3387 1063 3474 divinarumque
1095 3388 1258 3452 scientiam
1290 3389 1349 3453 illa·
1379 3389 1540 3454 definitione

158 3509 167 3521 s
225 3482 440 3550 concedimus.
901 3513 904 3519 ·

314 3577 398 3640 VII.
423 3575 476 3639 19.
500 3574 586 3637 Ηῒο6
608 3573 678 3638 ille:
716 3572 829 3638 Primo
850 3572 974 3658 inquit,
998 3595 1063 3660 ego
1085 3574 1249 3640 scientiam
1271 3579 1499 3661 non'appellm
1516 3574 1539 3637 in

226 3690 293 3756 qua
315 3670 381 3744 ille,
405 3669 460 3754 qui
482 3668 549 3733 eam
571 3671 760 3752 profitetur,
788 3668 956 3754 aliquando
979 3669 1113 3733 fallitur.
1157 3669 1296 3734 scientia
1317 3672 1400 3735 enim
1423 3694 1481 3735 non
1500 3689 1540 3731 so

227 3762 294 3835 lum
316 3764 572 3846 comprehensis,
597 3763 718 3828 sedita
739 3761 977 3844 comprehensis
998 3764 1101 3828 rebus'
1118 3776 1262 3842 constat,
1287 3777 1321 3828 ut
1344 3788 1448 3852 neque
1469 3766 1495 3829 in
1513 3783 1539 3825 ea

227 3860 299 3944 quis
329 3880 467 3942 unquam
496 3879 629 3934 errare,
667 3880 728 3922 nec
763 3857 961 3941 quibuslibet
986 3857 1242 3931 adversantibus,
1264 3857 1421 3941 impulsus
1450 3871 1539 3922 nutare

231 3954 357 4017 debeat.
402 3954 494 4018 Unde
517 3953 720 4016 verissime'a
742 3953 929 4041 quibusdam
948 3940 1152 4034 philosophis
1173 3944 1313 4028 dicitur,
1331 3953 1363 4017 in
1383 3955 1468 4017 nullo
1486 3968 1538 4013 ean

229 4066 327 4129 posse
352 4046 412 4110 nisi
429 4047 462 4109 in
484 4046 626 4128 sapiente
643 4048 805 4124 inveniri,
834 4046 977 4129 quinon
1002 4047 1099 4109 modo
1121 4057 1308 4128 perceptum
1326 4047 1447 4112 habere
1467 4046 1540 4107 debet
1578 4064 1579 4067 ¹

229 4141 264 4204 id
284 4142 371 4226 quod
392 4152 501 4205 tuetur
522 4161 559 4204 ae
582 4141 744 4225 seqnitur,
769 4156 881 4205 uerum
899 4140 992 4203 etiam
1007 4139 1233 4207 inconcussum
1260 4142 1383 4205 tenerel
1421 4138 1538 4209 ,semu
1576 4213 1578 4216 Α

234 4247 340 4300 autern
363 4234 463 4310 illum,
483 4254 578 4319 quem
601 4234 875 4309 commemorasti,
901 4235 998 4297 multa
1019 4254 1115 4315 saepe
1135 4234 1217 4297 falsa
1236 4233 1368 4312 dixisse,
1392 4236 1476 4320 quod
1489 4249 1539 4295 not

230 4329 335 4395 solum
358 4329 428 4392 aliis
446 4328 523 4391 mibi
540 4328 754 4421 referentibus
776 4327 937 4410 comperi,
961 4331 1018 4392 sed
1038 4346 1188 4415 praesens
1208 4329 1379 4415 aliquando
1397 4329 1462 4410 ipse
1481 4343 1537 4406 pet·

226 4422 315 4506 cepi.
373 4420 499 4487 Eumne
524 4421 623 4506 igitur
643 4422 794 4499 scientem
817 4432 951 4496 uocem,
976 4442 1072 4504 quum
1095 4444 1189 4505 saepe
1210 4423 1292 4487 falsa
1309 4422 1443 4497 dixerit,
1457 4434 1537 4502 ,quent

198 4509 296 4581 ¹'naon
326 4530 496 4592 vocarem,
531 4515 578 4579 si⁷
599 4527 784 4579 errnetanter
810 4535 885 4577 vera
907 4515 1063 4579 dixisset?
1095 4517 1172 4580 Hoc
1201 4538 1252 4580 me
1280 4519 1320 4582 de
1341 4512 1537 4597 nannpicihns

232 4613 323 4675 etde
346 4610 544 4696 auguribus,
569 4621 601 4673 et
625 4613 664 4674 de
688 4609 727 4673 iis
750 4591 909 4685 omnibuis,
931 4610 991 4693 ‚qui
1013 4610 1115 4674 sidera
1145 4610 1336 4689 consulunt,
1371 4623 1402 4674 et
1422 4612 1459 4673 de
1477 4623 1537 4669 eot-

224 4704 408 4771 'iectoribus
437 4703 634 4769 somniorum
663 4704 778 4767 dixisse
807 4715 964 4785 putatote.
1019 4705 1091 4787 ,Ant
1117 4706 1253 4789 aliquem
1279 4725 1322 4769 ex
1351 4705 1414 4769 hoe
1442 4712 1538 4786 genere

230 4799 394 4862 hominnm
410 4798 576 4879 proferte,
600 4797 629 4861 si
649 4798 806 4881 potestis,
830 4796 886 4883 qui
910 4798 1073 4861 connititur
1089 4820 1248 4883 nunquam
1264 4801 1303 4862 de
1321 4796 1476 4882 responsis
1489 4786 1536 4852 tuit

224 4892 442 4967 dubitauerit,
485 4912 645 4975 nunquam
674 4891 841 4974 postremo
870 4891 951 4955 falsa
977 4893 1216 4974 responderit.v
1253 4896 1336 4957 Nam
1365 4897 1404 4955 de
1433 4885 1536 4952 vstitu

225 4986 312 5051 nihil
334 4985 409 5050 mihi
430 4995 511 5071 puto
532 5005 601 5049 esse
622 4986 851 5060 laborandum,
873 4985 928 5069 qui
949 4999 1054 5050 mente
1074 4986 1251 5074 loquentem
1266 4987 1386 5053 aliena.
1408 5019 1413 5026 ·
