3252 5490
397 398 1011 487 ntn.1v..c.,e.a.·,
1156 470 1161 511 ,
1340 401 1430 495 ,167

307 492 322 519 Ι

27 554 45 561 “
84 552 120 611 et
144 562 188 609 eat
210 545 269 619 iis!
296 548 406 625 rebus,
430 564 512 629 quae
545 544 717 608 seeundum
739 547 883 611 naturam
906 552 995 619 sunt,
1014 551 1018 556 ’
1031 563 1137 630 neque
1168 542 1294 609 suntin
1316 532 1427 606 nostra

82 652 263 724 potestate.
319 641 384 703 Sed
404 640 468 703 hoc
490 660 643 715 summum
666 622 804 715 bonum,
829 640 916 722 qnod
938 628 1053 703 tertia²
1076 630 1312 723 significatione
1331 634 1425 699 intel-

84 735 221 822 ligitur,
252 757 359 823 ‚eaque
389 734 473 810 vita,
511 755 593 819 quae
615 756 656 798 ex
676 736 905 800 summobono
922 733 1070 818 degitur,
1108 732 1184 819 quia
1206 728 1426 799 coniunctael
1471 802 1483 813 ‚

83 831 193 911 uirtus
220 843 286 908 est,
319 830 354 897 in
375 830 551 912 sapientem
571 830 674 895 solum
697 826 800 900 cadite
821 827 911 913 isque
932 827 1003 893 finis
1025 828 1204 902 benorum,
1228 836 1264 891 ut
1286 825 1326 889 ab
1348 822 1425 906 ipsis

83 914 207 991 Stoicis
230 925 385 1007 scriptum
408 923 576 1000 videmus,
603 945 621 987 a
642 926 828 989 Xenocrate
850 933 944 1006 atque
967 921 1007 985 ab
1031 917 1211 985 Aristotele
1234 917 1424 984 constitutus

82 1031 149 1083 est.
209 1020 322 1103 Itaque
344 1021 386 1083 ab
407 1018 476 1082 bis³
499 1016 686 1085 constitutio
707 1017 763 1085 illa
784 1015 887 1101 prima
910 1016 1079 1094 naturast,
1114 1036 1217 1099 aqua
1239 1026 1274 1080 tu
1296 1018 1425 1101 quoque
1450 1054 1458 1063 .

84 1112 282 1190 ordiebare,
305 1112 354 1177 bis
373 1133 480 1195 prope
502 1111 610 1179 verbis
622 1110 817 1194 exponitur.

175 1204 260 1272 VII.
286 1207 339 1273 tt.
364 1207 477 1273 Omnis
498 1218 611 1271 natura
632 1207 702 1273 vult
723 1224 793 1270 esse
815 1205 1038 1275 conservatrix
1056 1206 1129 1285 sul,
1155 1218 1189 1269 ut
1211 1215 1243 1271 et
1264 1206 1353 1270 salva
1371 1204 1423 1281 sit,

49 1350 54 1356 .
83 1314 119 1365 et
143 1301 176 1369 in
199 1322 321 1387 genere
342 1313 555 1371 conservetur
577 1320 651 1365 suo.
693 1300 750 1367 Ad
769 1303 851 1365 banc
871 1322 957 1379 reru,
982 1300 1088 1376 airmt,
1112 1311 1197 1364 artes
1219 1320 1349 1384 quoque
1373 1319 1425 1360 re-

83 1396 221 1481 quinitas
231 1399 256 1475 ⁵,
281 1418 364 1482 quae
386 1408 530 1461 naturam
552 1396 760 1461 adiuvarent:
784 1395 946 1481 inquibus
970 1417 1006 1461 ea
1029 1406 1214 1465 niruteretur
1235 1394 1265 1458 in
1291 1391 1423 1477 primis,

58 1488 171 1576 'quae
194 1503 241 1555 est
264 1487 393 1555 vivendi
414 1508 484 1567 ate,
508 1502 543 1555 ut
564 1502 691 1555 tueatur
714 1491 841 1576 quoda
866 1501 980 1555 natura
1005 1491 1110 1555 danim
1133 1489 1192 1565 sit,
1218 1490 1305 1574 quod
1324 1487 1421 1564 desit,

83 1584 254 1670 acquirata
270 1583 428 1670 iidemque
438 1583 611 1655 diviserunt
622 1582 909 1651 naturamhorninis
919 1582 1092 1651 inanimum
1104 1580 1276 1667 eteorpus.
1300 1584 1426 1664 Quum·
1467 1636 1470 1645 ,

85 1701 152 1762 qne
166 1700 278 1743 eorum
290 1681 562 1765 ⁴uuumquodqne⁵
575 1702 637 1762 per
645 1701 679 1743 se
695 1681 903 1760 expetendum
919 1700 986 1741 esse
1002 1678 1168 1754 dixissent,
1192 1677 1326 1761 uirtutes
1344 1698 1425 1762 apto·

89 1772 343 1858 quentriusqne
366 1794 477 1841 eorum
499 1777 560 1856 p'er
580 1794 615 1837 se
637 1775 830 1857 expetendas
851 1795 921 1857 esse
944 1774 1111 1838 dicebant:
1147 1772 1265 1858 quum⁷
1287 1769 1424 1836 aninuun

83 1870 223 1953 quadarn
246 1866 367 1969 infinita
385 1868 502 1933 laude⁸
525 1879 755 1951 anteponerent
777 1856 926 1950 corpori,
953 1868 1087 1931 virtutes
1109 1888 1239 1952 quoque
1255 1863 1347 1930 animi
1363 1869 1424 1930 bo·

84 1962 137 2026 nis
167 1961 318 2047 eorporis
346 1963 593 2045 anteponebant.
655 1963 708 2026 17.
745 1959 809 2024 see
838 1983 935 2047 quum
957 1961 1142 2045 sapientiam
1166 1964 1264 2026 totius
1287 1951 1448 2027 hominist

84 2060 253 2122 custodem
283 2067 314 2120 et
343 2056 595 2139 qnootmatrioetn
626 2078 696 2123 esse
726 2057 861 2135 vellent,
898 2080 979 2143 quae
1003 2069 1087 2125 esset
1108 2068 1238 2120 naturae
1261 2077 1370 2121 coines
1392 2064 1424 2118 et

83 2151 246 2217 adiutrix:
269 2153 334 2217 boe
354 2151 527 2234 sapientiae
549 2172 661 2217 munna
676 2151 925 2233 esqedicebant,
951 2163 985 2215 ut
1000 2172 1069 2217 eum
1086 2161 1248 2228 tueretur,
1273 2148 1329 2235 qui
1344 2172 1421 2215 con·
1480 2155 1489 2178 “
1519 2202 1530 2213 ,
1594 2204 1599 2213 ,

85 2257 188 2317 staret
209 2268 251 2311 ex
271 2245 376 2314 animo
400 2257 432 2311 et
448 2266 612 2327 cerpore3
635 2244 665 2309 in
689 2258 827 2330 utroque
849 2245 973 2313 iuvaret
996 2269 1066 2311 eum
1089 2245 1208 2331 atque⁹
1231 2244 1420 2310 contineret.

85 2340 199 2425 Atque
213 2338 257 2404 ita
272 2361 309 2403 re
324 2339 430 2422 primo
444 2338 628 2423 simpliciter
642 2339 846 2420 collocatam,
871 2341 992 2427 reliqua
1008 2338 1153 2406 subtilius
1176 2350 1418 2425 persequentes,

87 2434 241 2517 conponis
262 2435 348 2499 bona
369 2435 493 2499 belem
515 2437 671 2520 quandam
694 2434 849 2501 rationem
872 2436 991 2500 babere
1014 2434 1209 2501 censebant.¹
1252 2430 1305 2499 Dc
1328 2431 1421 2496 arrirui

83 2529 183 2594 benis
206 2529 385 2597 eneruatius
407 2527 637 2613 exquirebantt
666 2530 700 2593 in
722 2528 895 2614 primisque
917 2530 1137 2613 reperiebant,
1162 2529 1262 2594 inesse
1285 2530 1315 2593 in
1339 2524 1422 2613 bislu
1511 2588 1516 2597 .

83 2621 224 2689 iustitiae
246 2622 382 2689 sentium
420 2622 579 2708 primique
601 2630 642 2687 e‘x
664 2622 812 2689 omnibus
833 2623 1034 2706 philosophis
1058 2626 1110 2689 a¹²
1132 2636 1244 2689 natura
1268 2621 1421 2689 tributum

84 2736 157 2783 esse
180 2719 375 2792 docuerunt,
411 2728 445 2779 ut
468 2717 505 2793 ii,
538 2715 594 2803 qui
614 2715 778 2798 procreati
799 2730 965 2793 essent,·a
989 2719 1252 2801 procreatoribus
1275 2739 1419 2781 ainau-en⁴

84 2822 161 2886 tur,
192 2822 226 2876 et
246 2812 311 2888 id,
329 2813 416 2894 quod
437 2822 619 2892 temperius
641 2811 753 2879 ordine
775 2812 931 2895 antiquius
954 2825 1019 2889 est,
1046 2826 1080 2876 ut
1102 2812 1250 2897 coniugia
1275 2806 1432 2877 virormu'
1502 2824 1507 2839 “

83 2916 117 2968 et
140 2926 279 2970 exortem
300 2916 412 2969 natura
435 2904 603 2973 coniuncta
624 2927 694 2971 esse
717 2905 876 2973 dicerent:
901 2930 962 2991 qua
984 2930 1026 2977 ex
1048 2907 1148 2991 stirpe
1165 2906 1326 2973 orirentur
1342 2905 1418 2969 arni·
1531 2980 1535 2985 ,
1558 2968 1564 2975 ,

84 2998 178 3065 eitiae
201 2998 441 3086 cognationum.
486 2998 598 3081 Atque
615 3001 660 3068 ab.-
677 3002 726 3069 bis
748 2998 844 3073 initiis
868 2999 1024 3083 profecti,
1050 3000 1190 3064 omnium
1214 2998 1364 3064 virtutum
1387 3008 1419 3062 et

83 3091 261 3178 originem,
286 3104 318 3156 et
338 3086 599 3176 progressionem
620 3096 783 3174 persecuti
801 3106 884 3161 etant.
929 3096 984 3159 Ex
1007 3116 1071 3180 quo
1088 3086 1273 3180 magnitudo
1290 3112 1418 3178 quoque

82 3184 180 3251 animi
202 3184 394 3260 exsistebat,
420 3206 483 3270 qua
503 3184 733 3270 landeperto}
751 3191 927 3273 repugnari
951 3188 1130 3274 obsistique
1144 3187 1312 3262 doetrinae,
1330 3188 1418 3272 quod

80 3280 240 3343 maximae
261 3301 313 3344 res
336 3293 441 3345 essent
462 3281 495 3345 in
516 3294 677 3366 potestate
699 3283 862 3365 sapientis.
909 3281 1091 3349 Varietates
1108 3295 1211 3346 alitem
1227 3280 1417 3369 iuiuriqsque

82 3373 235 3451 fortemne
255 3372 350 3440 sanilo
374 3387 516 3445 veterum
539 3376 806 3460 pbilosophorum
829 3375 1009 3460 praeceptis
1031 3377 1172 3443 instituta
1197 3379 1262 3441 rita
1285 3395 1416 3457 supera-

82 3470 152 3531 bat.
198 3469 251 3531 18.
274 3468 447 3552 Principiis
469 3481 573 3537 alitem
597 3493 614 3533 a
636 3468 747 3539 natura
767 3471 869 3553 datis,
894 3472 1113 3554 amplitudines
1137 3466 1289 3557 quaedam
1312 3471 1433 3555 bono·
1458 3490 1461 3496 ·

81 3584 155 3626 raim
182 3563 423 3641 excitabantur,
460 3565 576 3647 partina
606 3566 773 3648 profectae
797 3586 816 3631 a
838 3564 1107 3647 contemplatione
1129 3587 1236 3630 rerum
1258 3562 1416 3631 occultio-

81 3659 211 3732 rum¹³,
236 3660 324 3743 quod
346 3669 414 3722 erat
435 3658 547 3723 insitus
568 3658 664 3725 menti
687 3658 881 3744 cognitionis
903 3679 1012 3736 anaor,
1045 3682 1086 3723 ex
1109 3683 1175 3746 quo
1195 3659 1291 3725 etiam
1313 3653 1416 3724 ratio·
1448 3682 1456 3687 ·

80 3752 131 3815 nis
147 3753 351 3833 explicandae
360 3754 387 3793 '¹4
402 3752 638 3838 disserendique
654 3751 806 3836 cupiditas
818 3752 1094 3839 consequebatur:
1119 3754 1270 3840 quodque
1280 3754 1349 3818 'hoc
1361 3774 1416 3818 se·
1545 3746 1548 3755 ¹

80 3846 146 3913 tum
161 3845 278 3910 animal
293 3858 399 3909 natum
413 3858 462 3910 est
478 3848 663 3930 pudorisae
677 3847 885 3912 uerecundiae
901 3845 1081 3931 particeps,
1107 3860 1324 3933 appetensque
1337 3870 1415 3913 eou-

80 3938 273 4005 iunctionein
287 3941 448 4006 bominum
464 3964 501 4006 ac
515 3941 698 4033 societatqm
705 3944 745 4018 ¹⁵,
766 3943 1082 4028 animadvertensque
1097 3943 1128 4007 in
1144 3943 1288 4007 omnibus
1304 3938 1413 4013 rebus,

81 4055 161 4118 quas
185 4047 314 4123 ageret,
344 4047 398 4099 aut
419 4035 556 4113 diceret,
588 4037 659 4100 ιιι16
680 4054 719 4101 ue
742 4038 817 4122 qnid
840 4039 879 4099 ab
902 4043 941 4102 eti
963 4037 1073 4113 fieret,
1096 4036 1169 4100 ‘nisi
1192 4035 1415 4125 honestelet¹⁷

82 4204 86 4211 ·
158 4165 252 4244 (1)-
268 4170 316 4223 dte
333 4172 366 4226 V.
419 4168 456 4244 (2)
476 4191 490 4225 e
511 4169 579 4227 edd.
600 4172 682 4227 Grut.
704 4166 785 4259 Seqq.
805 4196 842 4215 ι-
861 4182 938 4225 certa
957 4172 1029 4227 Edd.
1050 4184 1115 4226 ante
1134 4174 1217 4227 Grut.
1264 4170 1304 4245 (³)
1323 4184 1360 4224 ete
1380 4171 1415 4221 ab

77 4251 117 4297 tte
136 4242 173 4301 V.
194 4242 232 4318 (4)
251 4260 317 4300 oum
327 4243 396 4303 Cdd.
408 4252 505 4321 pancio
518 4248 607 4302 Mars.
627 4250 659 4301 t..
675 4249 708 4302 n
723 4248 758 4302 G.
779 4252 805 4302 2.
827 4275 864 4292 -
883 4256 989 4301 natura
1009 4247 1119 4314 Cereri,
1140 4254 1224 4302 etiam
1248 4258 1272 4307 t.
1292 4247 1330 4313 (ὅ)
1349 4262 1415 4300 cum
1584 4256 1586 4267 ’

78 4320 150 4375 Cdd.
170 4317 275 4393 (etiarn
291 4320 365 4396 Mo.)
379 4324 416 4376 d..
447 4323 529 4395 Seqq.
549 4350 585 4368 -
605 4328 763 4395 exquisitas·
780 4323 810 4377 P.
832 4318 863 4375 V.
883 4325 925 4378 M.
971 4322 1008 4390 (ὅ.
1034 4348 1074 4366 -ι
1091 4333 1236 4395 inrumpis
1257 4321 1326 4379 Cdd.
1347 4322 1413 4395 aliq.

78 4397 169 4463 (Mo.)
189 4397 268 4449 Mau.
289 4402 318 4450 io
338 4396 388 4449 uda
409 4414 512 4471 poster.
532 4399 564 4454 L.
584 4401 619 4457 D.
644 4399 696 4466 .(⁷)
715 4414 753 4452 ee
772 4408 801 4451 at
818 4415 901 4469 quum
923 4401 951 4453 l.
970 4415 1011 4452 on
1026 4418 1107 4470 praem
1125 4406 1220 4455 autem
1239 4396 1273 4450 de
1291 4402 1324 4451 l).
1338 4414 1413 4479 sqsp.

78 4470 146 4526 Sela.
168 4472 195 4531 2.
235 4471 273 4545 (ὅ)
292 4496 330 4541 =
348 4468 404 4544 iu'f.
425 4473 546 4544 quadem
565 4476 584 4528 l.
603 4473 674 4528 Gdd.
695 4475 759 4547 aliq.
781 4472 828 4527 Cr.
868 4471 905 4547 (⁹)
925 4493 963 4528 z
982 4493 1015 4524 ee
1035 4458 1140 4531 efssdd.
1161 4474 1195 4528 l).
1225 4471 1275 4548 (¹⁰)
1295 4501 1332 4514 ·-
1351 4472 1414 4524 col-
1471 4490 1476 4497 ·

78 4548 154 4623 lecta
174 4547 262 4603 O2x.²
304 4546 356 4623 (Π)
371 4550 440 4602 lcurn
460 4547 529 4607 Cdtl.
551 4550 582 4603 V.
603 4552 638 4607 G.
659 4552 743 4608 aa:
763 4557 794 4603 iat
812 4548 861 4621 Itis
875 4554 963 4602 iussae
983 4549 1024 4603 M.
1045 4551 1077 4603 l..
1101 4554 1133 4603 tt.
1156 4559 1181 4606 l.
1201 4579 1240 4591 -·
1258 4546 1414 4599 indiserte
1476 4607 1489 4617 ,.

77 4622 109 4676 P.-
149 4619 201 4696 (tt)
220 4641 334 4679 -,ona.
355 4642 373 4675 a
393 4622 464 4677 Cdd.
483 4625 562 4678 multi
583 4628 623 4679 Vx
634 4628 670 4695 D.
690 4630 760 4691 (nen
779 4630 824 4681 Cr.
837 4626 918 4679 Errat
934 4624 982 4690 G.)
995 4627 1080 4678 Mox:
1098 4654 1137 4667 -
1156 4634 1187 4683 ret
1206 4624 1235 4676 ln*
1254 4625 1286 4676 V.
1313 4622 1415 4696 (ΨΜ
1459 4624 1465 4633 ’
1496 4624 1502 4641 ’

78 4700 258 4751 occidterrtud
268 4696 338 4753 cdd.
358 4698 423 4771 aiiq.
443 4699 542 4774 (etlam
569 4700 643 4774 Mo.)
665 4704 715 4757 stu.
741 4703 788 4755 Cr.
840 4702 890 4767 (Η)
912 4702 964 4756 'stc
985 4700 1140 4771 cedatur.
1160 4705 1213 4770 (τ.
1230 4698 1413 4770 explicandae
1451 4662 1522 4805 w

78 4778 204 4826 rationis
231 4775 305 4839 Mo)
325 4776 365 4826 lxi
376 4774 412 4829 D.
434 4783 460 4833 1.
481 4775 517 4830 G.
535 4782 564 4832 2.
584 4794 621 4833 -e
641 4781 763 4829 rotdom‘s
780 4776 942 4847 explicandi
960 4777 1001 4845 (id
1021 4794 1078 4831 este
1099 4792 1136 4839 on
1165 4779 1293 4829 rationes
1316 4775 1413 4845 expli·
1509 4808 1514 4817 ι
1535 4772 1551 4787 ”

78 4848 176 4913 saofi)
195 4842 267 4902 Edd.
287 4864 350 4927 ante
373 4852 403 4906 l..
422 4855 489 4905 item
510 4850 673 4926 Grnt.r'(¹⁵)
693 4852 740 4906 Sic
760 4851 828 4909 edd.
849 4852 939 4907 multl.
963 4856 990 4906 P.
1011 4855 1057 4906 Cr.
1077 4855 1111 4909 D.
1135 4863 1160 4923 l.
1181 4853 1219 4906 G.
1240 4857 1263 4905 2.
1284 4876 1320 4893 ·—
1340 4866 1433 4902 eom.
1496 4876 1501 4909 l

78 4926 252 4976 demtionem
278 4954 297 4968 -
316 4957 335 4969 -
354 4932 520 4997 sonistotoqa
550 4930 581 4980 V.
609 4926 651 4982 M.
677 4925 708 4980 L.
741 4931 822 4984 Grut.
869 4928 921 4996 (¹5)
949 4947 967 4987 a
991 4929 1058 4983 edd.
1089 4932 1123 4982 l).
1143 4930 1180 4983 G.
1200 4936 1227 4985 2.
1247 4957 1285 4971 -
1304 4945 1359 4981 em.
1382 4933 1412 4976 ut

79 5000 193 5066 Ceteri,
215 5005 301 5055 etism
321 5009 347 5060 1.
386 5000 437 5069 (¹⁷)
455 5017 493 5056 oe
511 5020 545 5057 ee
564 5003 638 5082 Spin.
658 5002 715 5059 nrt.
819 5036 826 5055 ι
874 4998 876 5005 ’
