3226 5488
176 776 178 778 *
242 838 662 915 ADNOTATlONES
688 839 1194 929 BENEDlCTINORUM.

608 1011 829 1031 Μ

643 1156 736 1220 usn.
759 1156 789 1221 1.
876 1246 878 1251 Ι

117 1303 168 1370 ’(1)
187 1298 255 1355 Bad.
274 1317 391 1351 munera
409 1317 563 1352 cursorum.
602 1298 656 1352 Sed
682 1299 730 1351 alii
757 1300 869 1354 codices
897 1317 1006 1355 summo
1032 1304 1105 1354 inter
1127 1317 1157 1355 se
1177 1316 1315 1356 consentu
1335 1305 1385 1357 ha·
1446 1304 1450 1319 ’

46 1376 136 1443 bent,
156 1394 293 1429 ursorum.
342 1375 511 1428 inusitatum
532 1373 681 1448 quodpiam
700 1370 829 1426 ludorum
850 1394 936 1448 genus
955 1377 1002 1429 blo
1021 1377 1274 1431 nominare‘uoluit
1295 1386 1384 1452 Augu-

47 1457 153 1505 stinus.
205 1449 295 1504 Ludos
322 1436 533 1521 nempe,'quia
559 1450 847 1522 liberalitespopttlo
874 1469 1019 1505 munerum
1050 1457 1138 1506 instar
1166 1452 1386 1522 exhibebantur,

48 1544 168 1581 munera
189 1524 335 1578 vocabant.
374 1525 447 1578 Hinc
468 1524 590 1578 deludis
610 1530 751 1599 praestitis
771 1543 828 1579 non
847 1529 919 1580 male
939 1528 1105 1600 intelligitur
1123 1527 1243 1582 Concilii
1264 1528 1384 1598 Elliberi-

48 1610 112 1656 tani
133 1619 195 1655 can.
215 1602 399 1662 5.'Fiamirtes
417 1607 464 1669 qui
483 1619 539 1652 non
557 1603 782 1657 immolaverint:
803 1605 853 1656 sed
870 1622 968 1656 mttnus
987 1611 1098 1655 tantum
1117 1602 1246 1655 dederint
1266 1621 1320 1657 cet.
1430 1641 1433 1645 -

128 1676 218 1751 (2)'1n
238 1676 320 1729 MsS.
342 1675 446 1747 aliquot
466 1682 580 1730 vetustis
601 1693 628 1731 et
648 1683 677 1730 iu
698 1683 781 1734 editis
801 1680 869 1734 Bad.
890 1686 948 1734 Am.
969 1678 1016 1731 Er.
1037 1677 1132 1743 deest,
1166 1688 1199 1729 ut
1208 1679 1310 1750 sitisti.
1351 1683 1385 1734 iit

46 1752 115 1805 aliis
136 1767 242 1825 septem
263 1751 345 1804 MSS.
366 1750 561 1818 substituitur,
588 1761 744 1821 tetsuesti3
774 1773 843 1830 quae
862 1756 947 1809 lectio
966 1752 1038 1808 forte
1059 1754 1113 1808 hoc
1132 1759 1299 1822 veriorest,
1327 1774 1384 1827 quo

47 1829 86 1880 ab
108 1845 160 1881 usu
179 1828 289 1898 vulgato
310 1831 453 1880 retaotior.
658 1820 672 1833 ⁸
692 1832 711 1837 ’“
955 1894 959 1901 ι

128 1903 167 1970 (³)
188 1904 253 1956 Erat
275 1902 347 1955 ltattd
366 1901 450 1959 dubie
469 1904 656 1959 Romanianos
676 1925 710 1959 ex
728 1926 824 1961 eorum
842 1922 978 1971 numero,
998 1922 1067 1976 quos
1093 1910 1123 1958 in
1149 1906 1389 1958 Manichaeorum

48 1979 183 2031 haeresin
203 1983 481 2049 secumfpertraxisse
501 1979 583 2032 deflet
604 1983 773 2054 Augustinus
793 1983 843 2036 lib.
863 1986 891 2040 lt.
910 1978 989 2035 Couf'.
1011 1989 1077 2037 c.1.
1121 1981 1223 2032 Verum
1239 1986 1261 2033 is
1276 1998 1384 2052 quoque

46 2053 91 2107 ad'
106 2069 202 2106 sanam
223 2053 303 2106 fidem
324 2053 471 2123 aliquando
491 2071 520 2107 se
539 2062 665 2127 recepit;
698 2064 800 2131 quippe
820 2062 868 2129 qui
888 2062 1074 2130 augustinum
1094 2071 1203 2129 semper
1223 2058 1310 2109 coluit
1330 2063 1385 2109 im·

45 2147 156 2204 pense,
188 2146 215 2183 et
242 2144 432 2201 nuncupatum
460 2129 512 2183 sthi
540 2130 575 2181 ab
602 2136 663 2203 ipso
688 2133 791 2186 librum
817 2135 850 2186 de
876 2150 947 2184 vera
972 2132 1136 2199 Religione,
1169 2132 1276 2205 aliaque
1297 2138 1384 2203 ipsius

47 2209 215 2278 scripta¹in
243 2218 343 2277 magno
370 2209 460 2276 pretio
481 2206 597 2269 habuitt
631 2223 664 2260 ac
683 2206 794 2261 demum
815 2229 864 2282 per
882 2208 979 2261 literas
1000 2223 1015 2259 a
1036 2207 1162 2261 Paullino
1181 2208 1297 2261 Nolensi
1317 2209 1384 2280 Epi·

46 2298 156 2353 scopo,
178 2284 225 2354 qui
244 2296 330 2351 partes
357 2279 528 2352 eulogiarum
555 2290 669 2336 nornine
690 2283 780 2336 eidem
800 2288 908 2349 mittit,
941 2298 1074 2336 tractatur
1094 2283 1387 2353 honorificentissime,

50 2373 141 2428 atque
166 2373 197 2410 ut
217 2360 260 2407 vir
279 2355 359 2428 plane
378 2357 551 2410 Christianus
571 2359 737 2415 catholicus.

129 2430 167 2497 (4)
189 2430 273 2486 MSS.
291 2449 353 2493 ser,
373 2436 494 2484 uincere.

129 2505 167 2574 (⁵)
188 2509 230 2560 lta
249 2511 278 2558 itt
299 2504 381 2559 MSS.
420 2507 455 2560 At
475 2513 503 2559 in
524 2512 635 2563 excusis
650 2508 765 2581 legitur,
785 2515 840 2561 nisi
858 2509 975 2561 alicuius
990 2507 1132 2578 ponderis.
1249 2564 1251 2571 ,

128 2579 166 2648 (fi)
188 2585 324 2651 Victorini
346 2577 456 2634 codices
476 2600 540 2635 cum
555 2583 616 2635 aliis
632 2584 719 2638 tribus
732 2584 817 2643 Mss.
831 2584 948 2638 babent:
969 2583 1023 2634 Hic
1043 2600 1114 2650 ego:
1133 2583 1244 2659 Primo,
1261 2590 1383 2655 inquam,

47 2661 203 2708 scientiam
228 2674 282 2710 etc.
308 2654 454 2723 mendose,
488 2662 528 2710 uti
556 2664 623 2711 satis
646 2661 812 2734 intelligitur
832 2681 864 2713 er
885 2674 1025 2735 postremo
1046 2663 1155 2731 capite,
1187 2659 1235 2712 ubi
1255 2661 1325 2714 haec
1344 2679 1388 2713 re·

48 2739 171 2806 sponsio
191 2751 246 2787 non
268 2730 384 2784 obscure
404 2733 536 2805 Trygetio
556 2733 733 2790 adtribuitur.
875 2743 880 2749 '
970 2744 972 2749 ’
1049 2742 1051 2747 ’

130 2805 168 2882 (7)
190 2809 221 2860 ln
242 2812 318 2882 prius
340 2812 463 2869 excutiat
485 2818 655 2863 constanter.
709 2813 741 2864 In
763 2811 1004 2883 MSS.*qainque‚
1024 2804 1229 2862 incunctanter.
1268 2811 1300 2863 ln
1321 2810 1383 2864 aliis

48 2903 103 2939 sex
121 2888 243 2956 optimae
263 2899 346 2936 notae
365 2882 482 2954 legitur,
502 2894 684 2951 associantes,
715 2902 743 2939 et
763 2887 872 2941 melius.
919 2888 1067 2959 Trygetius
1089 2890 1190 2958 quippe
1209 2887 1255 2938 hic
1275 2885 1386 2938 Albice-

48 2964 130 3013 rium
150 2973 178 3012 et
198 2964 256 3011 eius
277 2963 383 3030 generis
404 2959 530 3013 homines
550 2962 683 3016 noti‘vult
698 2963 834 3035 ‘appellari
855 2967 993 3025 scientes,
1015 2958 1089 3032 quotl
1108 2978 1203 3013 eorum
1223 2960 1315 3014 nullus
1336 2965 1384 3027 sit,
1411 3018 1433 3037 Ἡ

48 3039 101 3108 qui
129 3035 272 3084 consultus
297 3051 437 3106 nunquam
468 3034 502 3086 de
528 3042 671 3107 responsis
688 3044 747 3089 ereis
766 3037 955 3105 dubitaverit,
985 3031 1283 3108 nttnquampostremo
1295 3034 1384 3108 falsa

49 3109 243 3183 responderit.
664 3168 674 3186 ο
701 3120 703 3125 ’
1138 3162 1141 3167 4

131 3183 169 3259 (⁸)
188 3185 265 3239 Editi
286 3188 421 3238 omittunt
440 3184 489 3238 hie
508 3185 579 3252 loci,
600 3192 714 3259 operam
733 3207 902 3242 consumere.
940 3189 977 3242 Et
989 3204 1055 3240 mot
1073 3185 1192 3253 habent,
1211 3197 1384 3258 prosincon-
1437 3197 1441 3213 ⁸
1463 3230 1466 3235 .

47 3268 115 3314 tam
134 3258 286 3311 mercedem
304 3266 460 3330 conquirat.
498 3263 623 3335 Excepto
643 3263 721 3330 aad,
742 3270 789 3336 qui
810 3282 877 3316 cum
896 3265 979 3319 MSS.
999 3260 1127 3337 praefert,
1149 3266 1232 3314 tanto
1251 3264 1406 3317 mercede.'

133 3333 171 3407 (⁹)
191 3338 234 3387 lta
254 3340 284 3387 iu
305 3334 387 3388 MSS.
408 3353 460 3407 pro
478 3354 532 3407 quo
553 3343 581 3389 itt
603 3338 703 3392 editis:
726 3339 899 3413 perfruitus.
1213 3348 1219 3357 ’
1351 3366 1360 3407 q

93 3434 103 3449 κ
133 3408 183 3483 (¹⁰)
202 3410 294 3473 Editi,
326 3410 457 3464 modeste,
496 3415 532 3465 At
551 3413 634 3468 MSS.
654 3414 750 3469 decem
770 3416 895 3480 habent,
926 3413 1061 3478 moleste,
1092 3427 1119 3466 et
1139 3412 1256 3477 meliqs:
1288 3412 1386 3467 alludit

50 3503 156 3558 nempe
177 3490 345 3558 Augustinus
366 3485 400 3537 ad
419 3486 507 3559 illud,
527 3490 836 3543 rnobrnaactoritatis.
946 3502 948 3506 “
1380 3490 1383 3495 ’

53 3576 57 3587 ⁴
135 3561 185 3631 (tt)
205 3564 342 3633 Antiquae
362 3559 518 3628 editiones,
538 3582 592 3632 ego
612 3583 746 3617 accusare
771 3566 889 3617 decrevi.
936 3564 984 3617 Sic
1005 3567 1090 3618 etiam
1111 3561 1217 3633 aliquot
1237 3563 1320 3620 MSS.
1340 3584 1385 3618 ve-

52 3640 205 3698 tustiores,
225 3641 272 3708 qui
293 3636 386 3708 paullo
406 3654 469 3711 post
489 3656 545 3692 non
566 3638 668 3695 habent
688 3643 757 3695 haec
775 3640 874 3710 verba,
889 3637 1041 3711 prandiam
1051 3647 1187 3711 paratam
1199 3657 1258 3692 esse
1271 3659 1386 3693 annian-

50 3716 158 3764 eratum
177 3719 234 3776 est,
255 3719 347 3782 atque.

637 3876 728 3939 LlB.
751 3876 819 3939 II..

132 4013 171 4078 (¹)
191 4014 330 4080 Quattuor
348 4014 430 4070 MSS.
450 4022 482 4065 ut
499 4014 549 4065 stab
568 4016 616 4066 illo
627 4013 764 4087 fremitu.

145 4088 171 4151 2)
191 4088 224 4140 In
245 4089 326 4143 MSS.
347 4094 510 4161 pervetustis
531 4088 607 4144 deest
623 4097 790 4160 peregrina.
923 4138 926 4145 .

145 4162 170 4227 3)
190 4167 251 4216 Am
262 4163 309 4216 Er.
317 4163 628 4235 nonnibilsuacensens:
638 4167 737 4236 quibus
746 4166 930 4237 suffragantur
943 4163 1050 4235 aliquot
1060 4165 1144 4222 MSS.
1155 4167 1279 4222 melioris
1290 4185 1384 4223 notae.
1443 4218 1447 4221 ,

114 4236 174 4311 „(4)
193 4239 241 4291 Er.
276 4254 303 4291 ct
336 4240 402 4293 Lov.
432 4240 472 4291 ad
499 4246 588 4312 ipsum
620 4259 755 4295 summum
786 4242 895 4293 banton.
940 4241 1005 4293 ·Sed
1038 4241 1137 4294 melius
1170 4241 1238 4297 Bad.
1271 4248 1331 4311 Am.
1362 4260 1390 4298 et

55 4312 144 4369 MSS.
166 4312 306 4385 plerique,
334 4315 374 4365 ad
391 4333 526 4366 summum
544 4320 634 4387 ipsum
653 4315 778 4381 modam
806 4315 912 4380 idest,
937 4312 972 4367 ad
992 4321 1175 4389 sapientiam,
1202 4322 1277 4373 iuxta
1298 4319 1384 4386 illud,

56 4384 135 4459 quod
154 4392 230 4440 circa
252 4402 360 4462 tempus
382 4390 534 4444 disserebat
556 4394 623 4463 Aug.
642 4390 691 4444 lib.
712 4393 745 4443 de
764 4393 848 4443 beata
865 4395 946 4442 vita:
966 4410 994 4444 n.
1015 4398 1060 4453 55.
1099 4392 1245 4463 Sapientia
1264 4397 1392 4450 estnihil

50 4461 138 4514 atiud
154 4482 237 4534 quam
256 4465 353 4517 modas
372 4471 475 4532 animi,
496 4466 547 4518 ltoc
566 4476 617 4530 est,
638 4486 689 4538 quo
708 4485 768 4518 sese
788 4472 899 4518 animus
916 4466 1024 4533 librat,
1045 4475 1078 4518 ut
1095 4485 1181 4539 neque
1200 4481 1336 4523 excurrat
1354 4479 1385 4525 in

50 4543 195 4604 ¹nimium,
215 4559 300 4610 neque
320 4538 403 4610 infra
421 4560 504 4612 qttam
519 4544 632 4613 plenam
650 4551 693 4594 est
711 4551 867 4595 coartetur.

50 4682 53 4687 Ι
135 4611 174 4686 (⁵)
194 4616 367 4668 Romaniano
386 4633 530 4687 praesente
550 4634 615 4671 usus
635 4614 724 4670 fuerat
745 4617 899 4671 Mediolani
921 4634 984 4671 ante
1004 4633 1090 4670 annos
1104 4618 1216 4671 circiter
1233 4618 1311 4686 duos,
1331 4610 1386 4693 quo

56 4701 183 4760 tempore
202 4689 236 4742 de
256 4697 399 4744 communi
419 4698 474 4745 vita
494 4692 613 4745 ineunda
633 4709 697 4745 cum
717 4698 818 4746 amicis
838 4692 1008 4746 deliberabat
1029 4693 1078 4746 lib.
1092 4696 1120 4751 6.
1134 4690 1215 4748 Conf.
1230 4711 1256 4749 c.
1270 4701 1313 4752 tl.
1326 4699 1388 4755 Ilo-

55 4769 210 4814 manianus
234 4772 372 4832 maxime,
404 4774 607 4840 communiceps
636 4777 751 4833 noster,
778 4787 856 4839 quem
884 4777 950 4820 tunc
970 4785 1077 4838 graves
1095 4776 1190 4818 aestus
1209 4764 1388 4837 negotiorum

54 4846 173 4909 {uorum
191 4839 232 4890 ad
249 4839 409 4893 comitatam
429 4843 639 4907 adtraxerunt,
673 4844 709 4893 ab
735 4849 846 4894 ineunte
865 4852 960 4896 aetate
979 4843 1047 4895 milti
1057 4840 1325 4913 familiarissimus:
1344 4856 1390 4922 qtu'

54 4918 182 4965 maxime
200 4917 330 4968 instabat
347 4917 408 4969 lauic
427 4923 484 4983 rei,
515 4927 547 4969 ‘et
572 4916 706 4987 magnam
724 4922 755 4970 in
773 4919 915 4971 staadcndo
934 4918 1053 4971 habetat
1070 4921 1295 4994 auctoritatem,
1316 4924 1390 4996 quod

55 4987 154 5051 ampla
173 5007 221 5040 res
239 4994 434 5067 eittslmultum
453 4999 554 5069 ceteris
571 4992 708 5052 anteibat.
