3188 5492
401 300 410 335 l

270 416 466 482 CONTRA
488 412 801 483 ACADEMICOS
825 416 920 481 LIB.
946 418 977 484 i.
1022 417 1063 484 C.
1089 421 1120 483 5.
1144 421 1176 484 6.
1328 420 1388 485 9¹29

65 564 162 625 ducat.
207 558 359 623 Similiter
382 571 413 623 et
434 560 516 636 hoc,
541 558 642 643 inquit
665 558 736 636 iile,
760 558 938 624 refellitur:
962 556 1046 623 nam
1071 565 1141 624 dum
1165 558 1249 647 apud
1271 561 1386 651 Virgi-

64 657 133 720 lium
155 657 284 720 Aeneae
307 653 423 716 dietum
452 667 499 717 cst
524 676 541 717 a
563 665 704 717 matres.
716 676 826 737 perge
849 653 976 729 motio,
1013 664 1137 739 etqua
1158 668 1191 737 te
1213 658 1309 722 ducit
1330 659 1387 721 via

62 751 168 833 dirige
188 745 366 834 gressram:
389 768 524 833 sequens
551 751 633 812 hanc
660 748 741 811 viam
767 747 871 823 adid,
894 751 983 832 quod
1004 747 1126 813 diettun
1144 763 1230 827 erat,
1254 752 1286 815 id
1311 765 1382 830 est,

62 846 99 907 ad
117 856 223 907 v'erum
240 845 400 928 pervenit.
437 840 605 909 Contende
614 850 631 921 ,'
648 843 674 906 si
689 845 813 926 piacet,
830 843 884 905 ubi
899 845 1010 922 pedem
1025 842 1079 905 iiic
1094 842 1241 909 incedens
1262 847 1381 927 posuit,

62 936 237 1019 sapientiam
268 958 365 1021 posse
392 937 458 1001 dici
472 961 490 1014 ;¹
520 940 708 1024 quamqtiatn
738 937 834 1001 stulte
859 956 995 1018 prorsus
1024 935 1113 998 istam
1142 927 1386 1021 descriptionem

60 1042 139 1095 trum
160 1034 334 1117 obtingere
354 1030 477 1098 contire
500 1052 572 1095 nam
598 1049 740 1096 caussam
763 1052 862 1093 meam
882 1031 967 1093 nulla
985 1031 1060 1112 plus
1077 1032 1216 1098 adiuvat.
1251 1026 1386 1098 'Etenim

59 1126 238 1209 sapientiam
256 1148 322 1191 non
340 1126 439 1210 ipsam
458 1127 645 1202 veritatem,
671 1128 726 1190 sed
749 1125 844 1198 viam,
865 1144 947 1206 quae
965 1126 1091 1189 adeam
1113 1128 1224 1199 ducat,
1251 1148 1320 1192 esse
1337 1129 1385 1192 di·

59 1220 140 1282 xisti.
152 1244 171 1267 ι’
184 1219 337 1304 Quisquis
363 1242 445 1305 ergo
467 1222 527 1284 hac
548 1221 649 1284 utitur
675 1220 744 1297 ria,
776 1218 930 1301 sapientia
952 1219 1104 1300 profecto
1122 1219 1242 1295 utitur3
1275 1221 1387 1307 etqui
1474 1282 1477 1287 ,

58 1310 204 1395 sapientia
232 1316 348 1390 ntitur3
382 1316 506 1397 sapiens
529 1316 576 1378 sit>
595 1336 726 1378 necesse
751 1325 815 1375 est.
875 1313 1007 1394 Sapiens
1032 1313 1132 1398 igitur
1150 1314 1211 1377 crit
1230 1315 1300 1394 ille,
1331 1315 1386 1398 qui
1443 1379 1447 1383 .

58 1409 196 1491 perfecte
217 1409 390 1495 quaesierit
412 1409 597 1485 veritatem,
623 1409 714 1472 etiam
734 1409 763 1471 si
782 1411 821 1470 ad
840 1428 906 1470 cam
926 1411 1065 1471 nondum
1083 1410 1286 1489 pervenerit:
1312 1430 1385 1501 natm

58 1504 116 1578 ria,
134 1522 218 1586 quae
234 1502 321 1567 ducit
335 1507 376 1567 ad
392 1505 569 1582 veritatem,
595 1505 691 1578 utalia,
714 1503 762 1565 uti
781 1501 917 1584 opinor,
942 1500 1130 1591 intelligitur
1146 1503 1269 1580 melius,
1290 1520 1384 1589 quam

59 1596 187 1681 diligens
207 1596 374 1683 inquisitio
397 1599 551 1662 veritatis.
596 1600 668 1661 Hae
686 1596 785 1682 igitur
810 1596 878 1660 sola
896 1593 949 1658 via
972 1607 1082 1674 utens,
1107 1596 1168 1660 iam
1186 1597 1244 1660 iste
1259 1596 1385 1685 sapieits

54 1690 186 1752 eritaat
200 1710 294 1756 nemo
309 1690 568 1779 sapiens'mis'crt
594 1692 695 1757 omnis
715 1702 817 1755 autern
840 1691 939 1755 bomo
956 1701 1010 1753 aut
1030 1691 1149 1769 miser,
1176 1695 1383 1769 atttbeatuss

56 1785 458 1871 bertuinigiturfacietuon
467 1776 891 1868 tantuminrcntio,sedipsa
899 1806 959 1866 per
968 1783 1215 1871 scinvestigatio
1226 1784 1382 1852 v'eritatisa
1481 1842 1485 1849 ,

101 1920 104 1929 .
137 1883 187 1945 15.
214 1884 297 1969 Tum
320 1880 373 1945 ille
395 1882 557 1946 arridens:
580 1881 704 1946 Merito
728 1879 822 1954 mibi,
846 1879 969 1964 inquit,
991 1878 1052 1943 ista
1075 1878 1285 1966 contingunt,
1310 1882 1382 1943 dnm

55 1975 236 2039 edversario
262 1975 298 2037 in
316 1997 351 2039 re
371 1996 436 2041 non
457 1976 633 2041 necessaria
655 1977 792 2038 fidenter
813 1973 988 2038 assentior:
1027 1975 1117 2056 qnasi
1139 1973 1220 2038 vero
1240 1996 1304 2061 ego
1324 1976 1382 2039 sim

15 2088 17 2091 ·
53 2084 183 2154 triagnus
206 2068 374 2146 definitur,
406 2082 467 2134 aut
492 2060 720 2155 quidqnam‘in
746 2067 937 2149 disputando
971 2068 1073 2154 magis
1109 2064 1391 2150 supervacaneum,

51 2174 173 2247 putem.
219 2163 301 2244 Quis
325 2164 405 2227 enim
431 2168 545 2229 modus
564 2165 642 2239 erit,
667 2163 694 2227 si
716 2182 780 2248 ego
801 2180 912 2224 rursus
935 2162 1029 2224 veiim
1051 2161 1175 2226 definiri
1195 2164 1252 2225 abs
1274 2173 1306 2225 te
1325 2162 1383 2226 ati:

55 2256 143 2341 quid,
181 2268 215 2320 et
243 2278 353 2320 rursus
383 2258 521 2323 eiusdem
551 2257 739 2322 delinitionis
775 2256 899 2331 verba,
939 2267 971 2318 et
1007 2254 1270 2339 consequentium
1299 2256 1382 2320 item

54 2351 230 2437 singillatim
268 2350 399 2429 omnia,
419 2354 562 2438 'fingens
595 2354 688 2437 qnod·
717 2350 795 2415 nihil
822 2349 1021 2434 intelligam,
1061 2349 1184 2413 deliniri
1219 2349 1382 2435 flagitem?
1486 2402 1490 2412 ,

52 2445 132 2509 vidam
158 2445 236 2529 quid
263 2446 478 2527 planissimum
504 2469 567 2537 non
599 2468 671 2511 meo
700 2444 769 2509 iure
801 2444 924 2508 deliniri
953 2464 1087 2529 cogam,
1125 2442 1151 2507 si
1179 2442 1248 2508 iure
1277 2466 1299 2507 a
1332 2451 1382 2508 uie

54 2540 222 2622 sapientiae
258 2541 400 2606 delinitio
435 2540 647 2624 postulatur?
669 2539 784 2606 'Cuius
804 2539 895 2604 enirn
923 2538 1081 2631 verbim
1119 2538 1228 2602 animis
1262 2536 1381 2604 nostris

54 2634 242 2716 apertiorem
268 2635 431 2699 notionem
454 2646 565 2699 nature
583 2656 656 2699 esse
678 2634 798 2710 voluit,
837 2655 930 2719 qnam
955 2631 1151 2716 sapientiae?
1189 2633 1252 2696 Sed
1272 2634 1380 2698 nescio

50 2733 213 2813 'quomodo
236 2750 332 2814 quum
355 2728 467 2794 mentis
489 2741 617 2793 nostrae
639 2729 737 2793 veluti
758 2740 888 2811 portum
910 2727 1002 2791 notio
1030 2727 1101 2810 ipsa
1123 2727 1307 2812 reliquerit,
1347 2739 1379 2790 et
1424 2748 1426 2755 ’

44 2825 225 2893 :verborum
244 2825 307 2890 sibi
327 2824 417 2908 quasi
434 2824 506 2887 vela
525 2823 713 2900 tetenderit,
739 2834 907 2887 occurrent
926 2822 1030 2886 statim
1047 2821 1272 2885 calumniarum
1295 2821 1386 2886 mille*

54 2917 227 3002 naufragia.
274 2917 490 2998 Quamobrem
510 2928 564 2980 aut
584 2917 724 2982 delinitio
746 2917 918 3000 sapientiae
931 2938 971 2980 ne
989 2917 1189 3000 requiratur,
1215 2929 1270 2981 aut
1283 2917 1379 2979 iudex
1417 2982 1420 2989 ,

53 3022 158 3074 noster
177 3011 211 3074 in
234 3010 301 3074 eius
326 3010 537 3094 patrocinium
559 3012 706 3097 dignetur
730 3012 934 3075 descendere.
979 3012 1064 3073 Tum
1084 3032 1169 3095 ego,
1196 3030 1292 3097 quum
1316 3010 1377 3073 iam

54 3103 152 3167 stilum
170 3126 240 3170 nox
255 3103 442 3188 impediret,
467 3116 499 3168 ct
517 3107 608 3190 qussi
626 3109 664 3170 de
686 3106 814 3189 integro
835 3126 983 3190 magnum
1001 3103 1149 3190 quiddam
1165 3105 1381 3168 disserendum

47 3194 188 3267 ,riderem
208 3198 350 3274 oboriri,
372 3198 406 3261 in
429 3197 522 3261 alium
546 3198 630 3262 diem
654 3198 777 3262 distulit
802 3218 871 3262 nem
897 3199 1057 3282 disputare
1078 3218 1285 3282 coeperamus
1310 3201 1379 3263 sole
1452 3236 1459 3244 ·

52 3289 165 3359 iamin
189 3306 338 3358 occasum
353 3291 557 3368 declinante,
582 3295 718 3379 diesque
728 3308 827 3376 paene
847 3305 938 3357 totus
963 3314 1060 3378 quum
1082 3293 1114 3357 in
1133 3295 1229 3357 rebus
1250 3291 1378 3357 rusticis
1458 3358 1465 3369 ,

50 3385 248 3461 ordinandis,
273 3396 340 3448 tum
361 3385 393 3448 iu
414 3386 600 3450 recensione
622 3388 717 3471 primi
740 3387 813 3451 libri
836 3386 968 3474 Virgilii
990 3394 1138 3471 peractus
1160 3388 1233 3450 fuit.

133 3482 198 3544 VI.
225 3481 277 3542 te.
301 3478 425 3543 Deinde
454 3502 533 3561 mox
558 3493 593 3542 nt
616 3481 737 3558 illuxit,
762 3480 819 3562 (ita
843 3482 926 3544 enim
948 3504 1000 3546 res
1024 3495 1113 3546 eraut
1133 3481 1235 3566 pridie
1258 3483 1378 3546 constit

53 3584 153 3650 tutae,
177 3586 213 3637 ut
235 3575 360 3660 largum
388 3587 471 3638 esset
493 3574 636 3654 etium',)·
652 3577 755 3638 statim
773 3579 990 3662 peragendum
1012 3571 1180 3661 negotium
1197 3580 1378 3660 susceptum
1453 3588 1458 3595 ’

54 3681 109 3733 est.
154 3672 237 3733 Turn
256 3684 338 3754 ege:
364 3669 446 3733 Heri
464 3670 649 3751 postulasti,
675 3672 824 3755 inquam,
850 3670 1008 3754 trygeti,
1032 3682 1068 3732 ut
1087 3670 1234 3734 aiudicis
1248 3667 1378 3736 munere

50 3763 281 3847 adsapientiae
305 3762 516 3844 patrocinium
544 3766 789 3828 descenderem:
825 3760 914 3848 quasi
935 3770 1016 3828 rerd
1043 3782 1231 3849 quemquam
1255 3766 1286 3829 in
1309 3759 1378 3830 serss

53 3874 142 3920 mone
164 3864 276 3922 vestro
303 3858 520 3920 adversarium
543 3847 695 3940 sepieritia
722 3870 905 3942 pateretur,
944 3871 1000 3921 atet
1026 3860 1092 3922 ullo
1120 3862 1306 3931 defendente
1335 3861 1378 3923 its
1423 3858 1427 3865 '

52 3953 229 4026 laboraret,
253 3961 289 4012 ut
307 3951 406 4015 maius
426 3951 603 4034 implorare
624 3956 754 4018 deberet
777 3954 941 4018 currilium.
987 3956 1068 4017 Nam
1092 3961 1194 4040 neque
1211 3956 1294 4037 inter
1322 3978 1378 4020 vos

52 4045 130 4107 aliud
151 4048 366 4130 quaerendum
390 4058 496 4139 natum
517 4061 585 4125 est,
610 4070 703 4133 quam
726 4048 803 4131 quid
824 4048 866 4110 sit
888 4047 1068 4131 sapientia,
1084 4050 1117 4113 in
1139 4074 1203 4136 quo
1226 4074 1291 4114 eam
1321 4073 1383 4113 ve·-

52 4142 145 4201 strttm
174 4152 295 4202 neuter*
309 4152 514 4222 oppugnat,¹
530 4141 601 4228 quia
626 4155 762 4226 uterque
784 4143 953 4205 desiderat.
1011 4146 1124 4229 Neque
1146 4146 1176 4219 si
1193 4157 1229 4208 tu
1246 4146 1377 4208 indeli-

51 4232 159 4296 nicnda
178 4233 329 4316 sapientia
347 4236 499 4299 defecisse
517 4242 550 4299 te'
565 4249 677 4320 putas,
702 4249 876 4319 propterea
894 4238 1019 4322 reliqua
1037 4239 1180 4304 defensio
1204 4238 1377 4302 sententiae

49 4336 117 4390 true
143 4329 202 4391 tibi
229 4331 401 4412 deserenda
425 4342 484 4392 est.
529 4331 641 4414 Itaque
664 4353 683 4395 a
706 4310 847 4394 menibil
867 4332 951 4399 eliud
979 4334 1129 4410 babebis,
1152 4355 1244 4419 quam
1268 4332 1378 4396 defini·-

48 4418 160 4483 tiouem
176 4422 361 4503 sapientiae,
386 4445 467 4507 quae
487 4446 545 4488 nee
563 4436 642 4500 mea,
670 4446 727 4488 nec
751 4446 835 4490 nova
858 4438 923 4502 est,
949 4429 1003 4490 sed
1022 4440 1054 4491 et
1074 4427 1254 4510 priscorum
1272 4425 1378 4490 homi·
1479 4430 1482 4443 “

50 4530 137 4590 utrm,
161 4528 194 4577 et
215 4538 308 4601 quam
330 4538 390 4581 vos
413 4508 509 4580 niirer
531 4536 594 4583 uon
619 4520 798 4584 recordari.
858 4524 932 4585 Non
954 4522 1142 4585 enimnunc
1160 4519 1297 4605 primum
1321 4536 1378 4583 au·

52 4606 136 4685 ditis,
162 4610 343 4693 sapientiam
367 4631 436 4675 esse
457 4635 567 4683 rerum
589 4614 794 4705 harmanarulm
818 4614 1063 4699 divinarumque
1081 4615 1256 4680 scientiam.
1299 4646 1301 4653 <

132 4708 183 4766 17.
207 4709 270 4770 Hic
289 4706 474 4785 Licentius,
499 4728 592 4792 quem
613 4719 688 4789 post
706 4707 796 4770 istam
815 4708 1025 4773 definitionem
1038 4711 1099 4791 ,diu
1114 4711 1264 4792 putabam
1280 4728 1378 4801 quae·
1484 4722 1486 4735 '

51 4794 176 4859 siturum
193 4804 362 4886 essequod
378 4802 515 4878 diceret,
540 4802 674 4867 subiecit
696 4801 823 4879 statim,
857 4802 926 4867 C'ur
952 4823 1032 4888 ergo
1057 4826 1132 4880 non,
1161 4824 1292 4887 quaeso,
1319 4826 1370 4869 sa·

51 4888 182 4968 pientcm
207 4916 359 4982 vocamus
383 4895 663 4980 flagitiosissimum
686 4894 775 4959 ilium
795 4898 974 4977 bominem,
1000 4918 1093 4982 quem
1109 4897 1169 4979 ipsi
1189 4901 1269 4959 bene
1286 4897 1380 4960 nori-
1467 4909 1469 4912 ’

44 5004 114 5077 ¹mus
136 5009 194 5073 per
219 4989 380 5055 innumera
406 5002 516 5055 scorta
540 4991 650 5054 ¹so'lcre
676 4990 835 5055 dissolvit
867 4993 1064 5079 Albiccriqm
1088 4993 1288 5068 discilium,
1324 4990 1379 5076 qui

343 5114 357 5147 Ι
950 5106 968 5125 ,,
1041 5100 1046 5119 .
