3226 5488
117 358 137 376 ⁸
230 416 428 481 conans
449 386 970 521 acanunttcosLIB.111.
1010 419 1129 485 csta.
1153 420 1206 485 m.
1323 425 1383 488 ser

40 579 144 619 sacra
168 569 277 620 nostra
301 557 497 620 meritissime
521 561 732 634 detestantur,
758 560 814 621 sed
833 557 963 622 alterins
987 560 1213 651 intelligibilis3
1243 564 1295 627 cui
1316 565 1384 627 ani·

40 675 115 713 mas
151 652 397 721 multiformilms
428 651 550 714 erroris
586 653 725 714 tenebris
751 663 906 714 caecatas
942 663 975 716 et
1005 655 1163 718 altissimis
1194 677 1210 716 a
1241 680 1382 741 corpore

39 747 201 808 sordibus
226 747 342 809 oblitas
361 768 521 829 utinquam
542 745 602 807 ista
629 747 714 815 ratio
729 746 929 809 subtilissima
947 760 1136 825 revocaret,
1161 750 1220 812 nisi
1234 769 1383 815 ‘sunnnus

41 843 141 922 Deus
171 841 321 922 populari
349 843 496 923 quadam·
513 841 678 902 clementia
709 841 807 903 divini
833 840 1011 904 intellectus
1038 843 1258 907 anctoritatem
1282 867 1385 928 usque
1409 904 1410 911 ,

42 934 222 1015 adipsum
253 930 371 1016 corpus
399 936 568 995 humanum
598 935 770 997 declinaret
806 946 899 1017 atque
928 936 1149 1040 submitteret,
1188 939 1277 999 cirins
1319 961 1382 1001 non

42 1029 176 1090 solum
171 1027 380 1108 praeceptis,
421 1030 476 1089 sed
504 1027 596 1090 etiam
625 1029 717 1089 lactis
747 1027 902 1089 excitatae
930 1029 1052 1092 animae
1084 1030 1230 1093 redire
1222 1053 1251 1092 ιιι
1285 1045 1403 1099 seruet

41 1122 156 1204 ipsas,
196 1133 251 1184 et
250 1121 422 1203 respicere
458 1121 592 1203 patriam
614 1122 719 1184 etiarn
754 1123 820 1184 sine
855 1114 1102 1202 disputationum
1136 1122 1381 1191 concertatione

8 1228 9 1231 ’
42 1216 243 1298 potuissent.

9 1306 10 1309 '
138 1311 225 1372 XX.¹
247 1306 300 1371 tt..
323 1311 399 1372 Hoc
420 1307 494 1370 mihi
518 1311 555 1371 de
583 1308 814 1371 Academicis
806 1308 929 1371 interim
954 1309 1182 1415 probabiliter,
1216 1321 1250 1371 ut
1272 1312 1381 1392 potui,
1434 1304 1437 1307 ¹

8 1416 9 1419 ’
44 1390 213 1487 persuasi
259 1401 404 1482 Quodsi
426 1402 541 1464 salsum
568 1413 638 1476 est,
664 1403 741 1463 nihil
764 1405 802 1464 ad
825 1423 895 1477 ure,
920 1403 970 1464 cni
993 1404 1069 1465 satis
1092 1415 1138 1465 est
1160 1403 1220 1465 iam
1243 1427 1308 1468 tion
1332 1429 1383 1469 ar-

8 1510 12 1545 ῑ·
44 1499 169 1561 bitrari
191 1519 254 1561 non
275 1512 372 1578 posse
396 1497 435 1557 ab
458 1486 615 1558 bomine
607 1497 742 1559 rnren'ui
764 1497 942 1558 veritatem.
989 1496 1140 1582 Quisquis
1163 1509 1267 1559 autem
1294 1513 1383 1580 putat

8 1606 10 1639 i
44 1594 113 1656 hoc
137 1593 271 1659 sensisse
294 1591 503 1654 'Academicos
512 1591 644 1672 ,ipsum
670 1588 860 1652 Ciceronem
885 1590 1000 1652 audiat.
1046 1589 1202 1652 Aitenim
1225 1591 1288 1652 illis
1315 1614 1384 1656 rno-

10 1708 11 1733 1
44 1707 118 1749 rem
137 1686 237 1748 fuisse
257 1687 436 1748 occultandi
455 1641 639 1748 senientiam
658 1707 766 1761 suam,
781 1698 841 1745 nec
861 1704 926 1744 eam
946 1683 1102 1766 cuiquam,
1126 1682 1186 1744 nisi
1205 1684 1258 1766 qui
1276 1706 1382 1755 secum

45 1784 89 1842 ad
110 1792 304 1843 senectutem
329 1803 427 1863 usque
450 1780 601 1856 vixisset,
627 1781 752 1860 aperire
774 1798 969 1851 consuesse.
1004 1777 1094 1857 Quae
1117 1778 1158 1839 sit
1178 1791 1280 1840 autern
1305 1778 1393 1854 ista,

10 1890 12 1897 ‘
43 1876 141 1938 Deus
169 1875 303 1948 viderit;
337 1896 404 1936 eam
438 1887 539 1936 tamen
575 1873 715 1936 arbitror
745 1870 889 1935 Platonis
917 1870 1026 1934 luisse.
1087 1873 1150 1934 Sed
1176 1882 1210 1932 ut
1240 1872 1382 1935 breviter

8 1986 13 2022 ι’
43 1968 213 2048 accipiatis
243 1989 335 2030 omne
365 1968 568 2049 propositum
598 1988 719 2040 meum,
756 1985 888 2070 quoquo
917 1966 1015 2027 modo
1038 1986 1072 2027 ss
1102 1967 1218 2055 habeat
1248 1972 1383 2032 humana

8 2062 227 2142 asapientia,
252 2084 317 2124 eam
342 2085 390 2124 me
418 2064 510 2127 video
533 2065 670 2126 nondum
694 2060 887 2142 percepisse.
945 2059 1007 2120 Sed
1031 2082 1146 2142 quum
1140 2062 1164 2100 ¹⁵
1186 2046 1381 2127 tricesimum

8 2169 79 2218 et
102 2154 230 2217 tertium
254 2158 362 2218 aetatis
386 2179 498 2227 annum
525 2178 636 2240 agam,
661 2177 724 2217 non
748 2174 797 2215 me
820 2152 962 2215 arbitror
984 2144 1154 2258 desperare
1176 2158 1292 2221 debere
1313 2179 1382 2221 eam

44 2270 99 2311 me
123 2253 314 2334 quandoque
334 2252 533 2330 adepturam.
558 2249 758 2328 Contemptis
777 2259 880 2307 tamen
900 2246 1013 2308 ceteris
1032 2248 1178 2310 omnibns
1201 2271 1279 2348 quae
1298 2252 1383 2317 bona

8 2344 203 2406 smortales
227 2355 357 2425 putant,
381 2343 456 2404 huic
473 2341 735 2427 investigandae
726 2339 891 2404 inservire
904 2340 1074 2421 proposui.
1118 2345 1152 2405 A
1176 2365 1241 2425 quo
1260 2365 1309 2405 me
1326 2365 1382 2406 ne-

8 2436 143 2522 rgotio
170 2438 319 2519 quoniam
341 2438 480 2500 rationes
505 2438 772 2500 Academicorum
795 2456 858 2499 non
874 2430 999 2497 leviter
1021 2436 1241 2511 deterrebant,
1278 2438 1375 2513 satis,
1445 2425 1448 2445 ⁸

8 2556 15 2592 ι·
44 2543 85 2593 ut
110 2530 270 2606 arbitror,
309 2544 419 2595 contra
452 2552 503 2593 eas
528 2532 585 2595 ista
610 2530 822 2612 disputatione
848 2528 985 2589 munitus
1012 2549 1093 2591 sirm.
1153 2531 1242 2594 Nulli
1276 2544 1379 2594 atttem

8 2650 14 2685 ι
45 2624 181 2688 dubium
216 2637 263 2689 est
290 2626 417 2709 gemino
449 2629 591 2706 pondere
614 2648 679 2695 ‚nos
709 2622 826 2705 impelli
861 2625 900 2684 ad
928 2624 1137 2699 discendum,
1181 2624 1381 2687 auctoritatis

8 2748 12 2785 ι
46 2732 148 2804 atque
177 2720 322 2784 rationis.
390 2720 475 2782 utini
508 2733 609 2783 autem
642 2730 763 2782 certum
793 2729 841 2780 est
869 2738 1023 2799 nusquam
1053 2739 1187 2799 prorsus
1215 2740 1231 2779 a
1261 2718 1382 2781 Christi

8 2824 15 2880 'a
47 2814 243 2876 auctoritate
273 2814 455 2883 discedere:
495 2836 558 2876 non
590 2813 670 2876 enim
701 2812 828 2894 reperio
863 2810 1086 2873 valentiorem.
1147 2812 1242 2891 Quod
1276 2824 1382 2875 atatem

8 2932 16 2969 ι
46 2904 253 2969 subtilissima
274 2907 398 2969 ratione
420 2911 672 2991 persequendum
697 2917 763 2980 est,
801 2905 845 2967 ita
867 2905 947 2967 enim
969 2904 1029 2965 iam
1056 2927 1124 2967 sum
1158 2906 1311 2979 affectus,
1345 2916 1382 2967 ut

8 3018 16 3067 t
48 3001 132 3086 quid¹
150 3001 190 3062 sit
211 3012 320 3064 verum
345 3018 407 3064 non
431 3004 589 3064 credendo
612 3002 732 3075 solum,
769 3001 938 3065 sedetiam
962 3000 1168 3085 intelligendo
1201 3002 1382 3082 apprehen·

8 3098 128 3185 i,dere
156 3094 355 3176 impatienter
385 3095 578 3170 desiderem,
616 3098 701 3177 apud
728 3094 916 3165 Platonicos
946 3116 996 3157 me
1022 3095 1146 3158 interim
1170 3099 1258 3181 quod
1281 3095 1381 3158 sacris

8 3212 15 3257 t
48 3187 170 3253 nostris
192 3210 256 3251 non
279 3200 454 3272 repugnet,
479 3202 772 3275 reperturumesse
795 3187 936 3252 confido.

8 3293 15 3355 i
139 3283 190 3345 llll.
222 3284 286 3369 Hie
307 3276 474 3367 postquam
499 3282 653 3347 sermonis
675 3283 770 3344 linem
792 3302 841 3342 me
862 3282 978 3344 fecisse
1000 3287 1232 3364 adspexerant,
1269 3305 1384 3367 qnam·

8 3410 14 3449 ς
48 3398 147 3461 quam
170 3376 322 3437 iamerat
345 3397 430 3450 nox,
467 3389 498 3463 et
521 3375 637 3458 aliquid
660 3375 752 3438 etiam
778 3375 906 3436 lucerna
929 3376 1013 3440 illata
1037 3376 1189 3457 scriptum
1214 3389 1381 3450 eratsta«
1430 3369 1434 3376 ¹

8 3500 15 3545 t
48 3492 124 3534 men
145 3468 191 3532 illi
213 3467 655 3532 adolescentes·intentissime
678 3471 922 3550 exspectabant,
959 3484 1062 3533 utrum
1085 3470 1221 3552 Alypius
1245 3471 1293 3533 vel
1316 3470 1380 3534 alio

11 3594 15 3633 i
49 3565 103 3627 die
120 3567 161 3626 'se
183 3585 503 3653 responsurumesse
524 3567 738 3648 promitteret.
784 3563 867 3623 Τιιιιι
889 3564 941 3627 ille
954 3587 967 3627 ι’
987 3565 1076 3628 Nihil
1098 3566 1173 3628 mibi
1195 3564 1377 3650 aliquando,

8 3676 15 3732 t
48 3656 168 3742 inquit,
195 3669 256 3718 tam
280 3681 320 3719 ex
343 3659 497 3722 sententia
519 3659 708 3740 provenisse
731 3657 887 3719 affirmare
913 3662 1042 3739 paratus
1068 3681 1156 3733 suin,
1182 3681 1273 3743 quam
1291 3662 1379 3743 quod

8 3786 14 3825 ι
50 3751 203 3814 hodierna
228 3751 439 3833 disputatione
462 3754 590 3816 discedo
614 3763 800 3834 superatus,
842 3772 899 3814 nec
922 3753 1014 3816 istam
1037 3748 1137 3829 meam
1159 3765 1278 3814 tantum
1301 3764 1380 3834 puto

8 3884 14 3923 r
52 3850 170 3909 debere
192 3868 261 3909 esse
283 3848 445 3909 laetitiam.
503 3846 756 3911 Communicabo
779 3871 860 3934 ergo
890 3870 958 3909 eam
987 3847 1174 3920 vobiscum,
1211 3859 1380 3910 concerta·

11 3980 13 4010 ι
51 3954 140 4003 tores
168 3941 229 4002 mei
258 3941 311 4005 vel
339 3940 463 4003 iudices
489 3942 602 4004 nostri.
662 3942 797 4021 Quando
829 3942 955 4027 quidem
984 3939 1045 4002 isto
1075 3960 1109 4002 se
1138 3951 1234 4021 pacto
1263 3961 1281 4003 a
1315 3940 1380 4002 suis
1461 3983 1464 3992 -

8 4072 13 4110 Ι,
52 4034 190 4118 posteris
213 4033 315 4109 vinci,
340 4033 401 4115 ipsi
420 4034 514 4096 etiam
534 4035 675 4101 sortasse
690 4037 878 4113 Academici
899 4046 1070 4115 optarunt.
1110 4034 1195 4114 Quid
1214 4036 1301 4097 enim
1319 4054 1379 4096 no·

53 4129 104 4192 bis
124 4129 186 4192 boc
207 4118 361 4191 sirmonis
379 4130 491 4210 lepore
512 4128 695 4211 iucundius,
720 4130 797 4214 quid
815 4128 1039 4193 sententiarum
1060 4128 1218 4212 gravitate
1240 4150 1380 4211 perpen-

54 4222 137 4298 sius,
161 4221 236 4306 quid
255 4222 475 4293 benevolentia
497 4222 696 4305 promptius,
720 4225 795 4306 quid
816 4224 959 4293 doctrina
979 4223 1111 4304 peritius
1136 4222 1236 4286 videri
1252 4235 1304 4285 aut
1319 4246 1377 4285 ex·

8 4348 12 4387 ι
54 4316 156 4380 hiberi
186 4315 320 4397 posset?
356 4318 498 4380 Prorsus
529 4339 727 4400 nequaquam
754 4318 848 4402 digne
871 4317 1020 4380 admirari
1044 4337 1192 4398 possum,
1228 4329 1378 4399 quotam

55 4413 155 4475 facete
177 4430 309 4490 aspera,
335 4422 398 4472 tam
418 4410 548 4474 fortiter
571 4414 754 4493 desperata,
783 4423 847 4474 tam
871 4415 1032 4475 m'oderate
1054 4412 1220 4484 convicta,
1244 4423 1306 4472 tarn
1330 4410 1378 4472 di·
1401 4490 1407 4497 .

8 4522 20 4579 ,'
56 4503 155 4567 lucide
178 4508 313 4567 obscura
337 4514 470 4567 tractata
493 4516 577 4568 stant.
637 4507 744 4585 Quare
765 4505 845 4582 iam,
881 4504 961 4568 socii
995 4504 1074 4579 mei,
1109 4496 1380 4586 exspectationem

8 4636 10 4673 ι
58 4607 212 4673 vestram,
248 4620 311 4682 qua
334 4621 386 4660 me
407 4601 447 4660 ad
467 4601 724 4680 respondendum
746 4599 1005 4681 provocabatis,
1019 4599 1158 4663 certiore
1179 4620 1235 4681 spe
1257 4619 1379 4673 meeum
1436 4656 1438 4677 ,

8 4729 9 4761 2
59 4693 96 4754 ad
123 4692 299 4753 discendum
329 4693 520 4755 convertite.
563 4695 743 4755 Ηιδοιιιιιε
773 4695 884 4756 ducem
912 4692 967 4778 qni
999 4714 1058 4756 nos
1087 4692 1120 4756 in
1144 4692 1214 4776 ipsa
1236 4690 1381 4755 veritatis

8 4820 9 4851 ι
60 4806 168 4862 areana
188 4785 291 4847 Deo
283 4806 342 4846 ram
366 4798 561 4848 monstrante
584 4788 782 4868 perducat.

139 4879 189 4940 45.
214 4879 277 4940 Hic
299 4889 382 4962 ego,
407 4901 503 4961 quum
531 4879 577 4942 illi
602 4880 715 4961 puerili
738 4884 876 4964 quodam
898 4856 1021 4958 stitdio,
1060 4882 1147 4964 quod
1170 4879 1306 4963 Alypius
1328 4901 1380 4942 re·

62 4993 227 5055 sponsurus
257 4993 320 5035 non
345 4970 540 5047 ridebatur,
566 4975 657 5057 quasi
677 4974 850 5038 fraudatos
864 4978 954 5038 vultu
976 4999 1010 5040 se
1030 4979 1256 5039 ostenderent.
1292 4974 1383 5038 lnvi-

563 5134 570 5174 l
