3252 5490
214 426 275 518 los
437 450 501 525 uu
522 452 714 553 numus
733 449 969 518 nououuu
990 450 1053 517 er
1077 446 1329 521 ntunonuu

123 602 132 625 '
209 598 348 683 poima,
364 594 466 662 uaria
481 595 605 673 oratio,
621 595 712 660 varii
726 617 850 673 mores,
874 591 1134 668 uasiafortunn
1158 591 1308 675 voluptas
1320 590 1415 655 etiam
1430 591 1545 655 uario¹

157 745 161 751 .
203 691 274 771 ‚dici
288 692 390 768 solet,
417 712 514 777 quum
528 688 705 773 percipitur
719 691 758 754 θ’
780 688 886 754 multis
909 686 1111 755 dissimilibus
1131 687 1231 750 rebus
1246 686 1549 767 dissimiliterleffie

148 792 151 801 ‘
211 785 367 852 cientibus
390 787 585 869 voluptates.
624 784 706 848 Eam
725 783 752 850 ei
773 783 959 848 varietatem
984 782 1124 856 diceres,
1147 779 1379 867 intelligerem,
1404 792 1441 844 ut
1456 783 1546 847 etisn

210 900 278 946 uon
299 879 444 944 diceute‘·
465 889 518 955 te,
540 877 700 965 intelligo.
736 878 805 943 Iste
827 875 966 942 uarietas
985 899 1066 963 quae
1096 876 1155 953 sit,
1178 899 1244 941 non
1267 876 1341 940 satis
1364 878 1543 961 perspicio,

211 976 299 1061 quod
314 973 373 1050 ais,
390 996 488 1059 quum
500 975 615 1040 dolore
630 995 806 1048 careamus,
822 985 888 1037 tum
901 972 932 1037 in
947 990 1067 1036 summu
1083 971 1252 1054 voluptate
1266 991 1326 1036 nos
1341 992 1434 1036 esses
1451 996 1545 1058 qurum

211 1079 318 1133 autem
341 1088 509 1132 vescamur
531 1066 592 1132 iis⁵
613 1069 729 1144 rebus,
753 1088 836 1153 quae
855 1067 978 1131 dulcem
1001 1077 1121 1131 motum
1141 1066 1275 1129 efferant
1290 1066 1456 1144 sensibus,
1481 1080 1543 1131 tum

21 1224 28 1247 ,
144 1168 148 1179 ’
211 1183 282 1227 esse
304 1161 335 1226 iu
358 1173 447 1226 motu
464 1162 684 1245 voluptatem,
715 1162 792 1248 quil
812 1160 910 1226 saciat
936 1159 1122 1225 serietatem
1146 1163 1368 1242 voluptatum,
1400 1165 1457 1226 sed
1486 1184 1544 1227 non
1581 1221 1585 1241 ,

163 1310 168 1329 .
211 1254 416 1342 augeriillam
425 1277 489 1322 nou
498 1254 627 1321 dolendi
635 1256 853 1340 voluptatem
867 1275 961 1341 quam
973 1275 1031 1319 cur
1042 1256 1243 1339 uoluptatem
1255 1256 1411 1337 appelles,
1422 1257 1544 1324 nescio.

296 1351 365 1419 lv.
382 1353 434 1416 11.
451 1353 503 1416 Au
518 1363 646 1434 potest,
671 1349 772 1435 inquit
790 1351 915 1432 [ille⁷],
940 1348 1110 1434 quidquam
1126 1369 1195 1414 esse
1210 1347 1360 1426 suavius,
1386 1372 1482 1437 quam
1502 1352 1546 1419 ui·

210 1440 258 1511 liii
272 1447 382 1512 dolere
391 1445 413 1510 ,1
422 1446 525 1511 Immo
542 1444 583 1510 sit
597 1465 673 1508 saue
685 1443 760 1508 nibil
772 1445 903 1522 melius,
919 1443 1068 1527 inquamg
1083 1446 1236 1524 (nondum
1251 1443 1333 1508 euim
1347 1443 1381 1507 id
1393 1447 1544 1529 quaeum)

193 1584 197 1591 ·
212 1562 289 1604 nrum
304 1551 479 1625 propterea
490 1539 573 1605 idem
588 1539 739 1622 voluptas
754 1551 821 1614 est,
844 1540 949 1625 quod,
965 1549 1002 1602 ut
1016 1537 1059 1602 ita
1074 1537 1194 1615 dimin,
1210 1535 1431 1602 indolentiali
1447 1539 1544 1604 Plane

133 1701 137 1714 ¹
209 1633 337 1713 itaut,
351 1635 474 1721 iuquit3
506 1634 695 1727 semanima
718 1632 863 1718 quidem,
888 1631 1415 1718 quallerinullamaiorpotest.
1463 1631 1546 1714 Quid

210 1729 335 1794 dubites
355 1728 474 1816 igitur,
496 1729 644 1815 inquam,
668 1748 792 1793 summo
814 1728 902 1792 bono
924 1747 941 1789 a
964 1738 996 1790 te
1015 1726 1094 1790 ita¹⁰
1116 1726 1309 1808 constituto,
1331 1737 1368 1791 ut
1388 1726 1420 1790 id
1445 1738 1545 1791 toturn
1608 1748 1611 1757 ¹

209 1822 248 1891 iu
260 1845 326 1890 uon
349 1825 488 1889 dolendo
511 1822 627 1901 sit,'id
649 1833 760 1887 tenere
780 1842 897 1898 uerum,
920 1819 954 1885 id
975 1819 1076 1897 tueri,
1100 1819 1133 1884 id
1154 1820 1352 1885 defendere?
1382 1821 1436 1885 12.
1461 1822 1546 1904 Quid

211 1920 294 1984 enim
319 1939 449 1983 neeesse
468 1927 536 1994 est,
561 1928 721 2002 tamquam
739 1915 939 1980 meretricem
960 1914 992 1978 iu
1013 1925 1230 1978 matronarum
1247 1927 1395 1992 coetuum,
1419 1915 1469 1980 sie
1488 1938 1546 1982 vo·

146 2020 165 2038 ’“
208 2006 364 2100 luptatcm
386 2012 418 2077 in
440 2011 595 2076 virtutum
617 2009 786 2077 concilium
807 2007 990 2075 adducere?
1010 2008 1244 2075 Invidiosum¹¹
1266 2028 1384 2073 nomen
1406 2022 1474 2089 est,
1499 2010 1544 2074 iu·

92 2124 96 2133 ·
209 2105 312 2183 lame,
336 2106 566 2189 suspectumss.
610 2104 725 2190 ltaque
746 2106 812 2169 boe
831 2103 1021 2188 frequenter
1042 2101 1105 2167 dici
1124 2103 1210 2167 solet
1232 2123 1251 2165 a
1273 2101 1387 2179 vobis,
1411 2125 1480 2167 non
1499 2102 1545 2167 in·

209 2196 355 2284 telligere
376 2220 454 2278 nos,
478 2220 572 2285 quam
597 2198 680 2263 dicat
705 2197 865 2281 Epicurus
892 2197 1102 2280 voluptatem.
1134 2198 1244 2277 Quod
1265 2197 1392 2281 quidem
1416 2194 1545 2261 mihiei

210 2294 338 2378 quando
361 2295 478 2359 dictum
501 2304 567 2370 est,
589 2296 653 2373 (est
675 2304 778 2357 auteur
800 2292 916 2378 dictum
938 2312 1003 2357 non
1022 2313 1135 2373 purum
1154 2311 1249 2374 saepe
1260 2292 1285 2370 r)
1306 2288 1366 2353 etsi
1384 2291 1463 2353 setis
1482 2290 1545 2355 cle·

210 2409 298 2452 ruens
321 2411 388 2451 sum
410 2388 442 2452 in
464 2389 672 2470 disputando,
697 2399 800 2451 tamen
821 2386 981 2451 interdum
1004 2387 1095 2451 soleo
1110 2385 1286 2449 subirasci.
1340 2386 1459 2471 Egone
1481 2409 1545 2452 non

209 2481 373 2568 intelligo,
398 2482 474 2569 quid
495 2481 535 2545 sit
556 2476 657 2563 ἡδονὴ
680 2482 822 2558 Graece,
853 2480 970 2544 Latine
990 2479 1175 2564 voluptas?
1208 2494 1311 2544 utram
1334 2483 1462 2544 tandem
1486 2482 1544 2544 liu·

212 2597 306 2660 guam
327 2574 461 2641 nescio?
482 2570 595 2639 deidde
615 2576 669 2660 qul
690 2574 744 2652 fit,
769 2586 805 2637 ut
823 2595 886 2660 ego
905 2574 1059 2651 nesciam,
1084 2573 1184 2637 sciant
1206 2595 1334 2651 omum,
1362 2574 1544 2661 quicunque

211 2666 363 2751 Epicurei
379 2689 448 2734 esse
464 2669 660 2736 voluerunt?
677 2669 807 2752 Quod¹³
822 2668 924 2733 vestri
940 2669 1066 2754 quidem
1078 2668 1103 2709 11
1120 2669 1174 2732 vel
1188 2668 1343 2751 optime¹⁵
1365 2667 1541 2752 disputant,
1616 2708 1617 2719 .

164 2820 166 2827 .
209 2756 287 2827 nihil
300 2784 382 2845 opus
397 2783 479 2839 esse,
489 2782 579 2836 eum..
587 2762 643 2846 qui
650 2763 861 2845 philosophus
870 2764 896 2804 ¹⁶
916 2762 1045 2826 iuturrus
1056 2761 1109 2839 sit,
1127 2762 1211 2827 scire
1223 2763 1343 2827 literas.
1366 2765 1495 2849 Itaque,
1510 2777 1543 2828 ut

210 2857 348 2924 maiores
355 2856 457 2922 nostri
473 2859 512 2920 ab
526 2868 635 2921 aratro
650 2854 1076 2922 abduxeruntGineiuuetum
1088 2856 1186 2933 illtuu,
1201 2870 1235 2920 ut
1244 2858 1483 2935 dictatos-esset,
1498 2859 1543 2922 eie

208 2972 270 3015 vos
293 2953 332 3017 de
354 2951 445 3034 pagis
455 2950 481 2992 ¹⁷
504 2950 649 3016 omnibus
672 2951 825 3035 colligitis
847 2952 952 3016 bonos
974 2951 1047 3015 illos
1076 2951 1202 3034 quidem
1233 2951 1339 3030 viros,
1370 2955 1430 3018 sed
1458 2966 1542 3019 certe

209 3064 275 3109 non
297 3045 513 3127 pereruditus.
567 3047 621 3110 13.
647 3047 740 3130 Ergo
763 3044 810 3108 illi
830 3044 1029 3131 intelligunt,
1055 3047 1131 3131 quid
1152 3044 1315 3128 Epicurus
1337 3046 1446 3122 dictu,
1479 3070 1542 3134 ego

208 3159 274 3202 non
289 3137 459 3224 intelligo?
482 3142 527 3205 Ut
544 3140 625 3204 scias
649 3161 698 3203 me
715 3138 910 3223 intelligere,
934 3137 1071 3221 primum
1092 3139 1268 3224 idemesse
1289 3139 1363 3203 dico
1385 3144 1564 3226 voluptu'

207 3233 321 3310 semu,
347 3234 435 3316 quod
454 3227 660 3321 illesq‘dossin.
705 3235 749 3297 Et
769 3233 897 3317 quidem
918 3253 1013 3316 saepe
1035 3232 1213 3319 quaerimus
1236 3237 1369 3298 verbum
1390 3236 1543 3301 Latinum

208 3328 269 3410 par
292 3327 440 3404 Graeco,
473 3338 505 3390 et
527 3329 614 3413 quod
636 3326 718 3391 idem
739 3328 864 3391 ualeat:
901 3328 954 3391 hic
976 3327 1051 3390 nihil
1072 3327 1154 3404 fuit,
1190 3332 1279 3414 quod
1298 3350 1541 3414 quaereremus.

107 3462 109 3467 .
198 3422 342 3489 >Nullum
363 3420 502 3486 inveniri
524 3433 649 3507 potest,
673 3424 763 3511 quod
784 3421 885 3507 magis
900 3422 981 3486 idem
997 3422 1137 3487 declaret
1151 3422 1286 3500 Latine,
1311 3427 1399 3509 quod
1415 3426 1542 3489 Graece

283 3663 321 3742 (1)
342 3683 407 3720 cum
426 3663 497 3723 Cdd.
518 3665 581 3740 sllq.
602 3670 635 3724 V.
656 3669 691 3724 D.
713 3668 793 3741 Seqq.
813 3668 856 3712 -’
869 3673 956 3725 varin
975 3672 1059 3723 etiam
1080 3669 1109 3725 P.
1129 3668 1176 3722 Cr.
1197 3669 1238 3724 Μ.
1260 3670 1298 3724 Ι..
1330 3670 1368 3739 (1)
1389 3688 1457 3725 cum
1472 3668 1542 3732 Cdd.

207 3741 255 3799 Cr.
275 3744 308 3799 V,
329 3741 364 3796 G.
384 3748 409 3802 2.
427 3764 466 3801 ·,-,·
484 3761 521 3794 ex
540 3745 571 3798 P.
593 3745 633 3798 M.
654 3742 685 3797 L.
708 3745 741 3797 D.
763 3753 790 3802 1.
809 3744 856 3797 Be.
902 3741 939 3872 q?
965 3759 1004 3798 su
1028 3743 1178 3796 dissimiles
1204 3746 1303 3818 Margo
1329 3747 1405 3801 Crat.
1440 3749 1463 3800 E
1486 3748 1542 3804 l'al.

207 3836 248 3892 pr.
269 3817 351 3874 Grut.
371 3820 408 3875 D.
430 3828 455 3876 1.
494 3815 532 3893 (1)
551 3848 590 3861 -
608 3823 694 3874 eiiam
711 3818 850 3870 indicente
871 3820 891 3874 1.
933 3838 956 3873 r.
976 3821 1113 3874 Gronovii
1133 3837 1228 3896 susp.,
1247 3825 1313 3892 quie
1332 3819 1426 3875 deerat
1447 3828 1477 3877 in
1493 3841 1542 3877 suo

206 3891 258 3947 cd.
277 3910 342 3947 uon.
387 3890 545 3970 (⁵>-.tts
563 3895 594 3949 P.
614 3896 647 3949 V.
667 3895 704 3948 G.
725 3900 752 3950 2.
804 3893 842 3971 (⁶)
862 3891 895 3946 de
917 3897 951 3949 D.
970 3912 1046 3968 susp.
1069 3904 1094 3953 1.
1113 3897 1161 3950 Br.
1183 3914 1199 3950 s
1218 3896 1288 3951 Cdd.
1310 3899 1346 3951 G.
1366 3904 1393 3954 2.
1412 3918 1541 3971 -quas

206 3968 309 4025 Ceteri.
348 3967 387 4044 (⁷)
408 3969 454 4026 Sic
474 3986 540 4025 oum
560 3969 605 4041 []
627 3970 662 4024 G.
684 3976 710 4025 2.
731 3969 797 4024 stne
817 3969 830 4040 [
849 3970 862 4042 ]
883 3970 924 4025 M
946 3974 975 4025 l..
995 3972 1030 4025 D.
1053 3977 1079 4029 1.
1099 3970 1541 4045 Br.-tttetnq1usc‹td.eott.

205 4043 237 4098 P.
257 4044 303 4098 Cr.
323 4045 357 4103 V.
396 4041 434 4118 (⁸)
454 4058 491 4097 su
509 4045 651 4099 indoloria
670 4043 720 4100 ed.
740 4049 770 4099 ln
789 4044 881 4117 Merg.
901 4049 983 4105 1581.
1021 4046 1084 4100 Non
1104 4047 1326 4112 commenderis,
1355 4065 1413 4102 non
1434 4055 1542 4123 recepit

205 4118 304 4174 Lemb.
323 4122 437 4194 Recepit
456 4119 526 4174 Lali.
546 4120 605 4175 cfr.
626 4118 773 4174 Sidonium
793 4120 981 4193 Apollinarem
1000 4125 1030 4174 ln
1048 4121 1101 4195 Ep.
1121 4128 1241 4178 carmini
1261 4123 1345 4180 XIV.
1361 4132 1542 4195 praemissa,

205 4199 254 4268 qut
272 4210 305 4248 ee
323 4212 391 4251 uoce
417 4211 499 4249 usum
527 4212 586 4250 esse
612 4196 674 4252 Cic.
701 4210 830 4251 testatur.
867 4195 918 4269 (1)
935 4213 973 4251 co
992 4214 1049 4252 orn.
1069 4197 1142 4250 idem
1161 4197 1230 4252 Cdd.
1251 4198 1317 4272 sllq.
1355 4197 1406 4328 (ly
1425 4228 1465 4244 -
1485 4219 1542 4256 om.

204 4277 249 4324 ita
267 4268 337 4326 Cdd.
358 4271 422 4345 eltq.
461 4270 512 4345 (¹¹)
532 4289 546 4324 e
567 4270 626 4327 Pal.
646 4288 688 4342 pr.
709 4272 792 4331 Grut.
813 4273 894 4344 seqq.
914 4271 1126 4343 -·Sed›sorte
1144 4273 1259 4341 dicitis,
1278 4281 1337 4328 inv.
1357 4276 1379 4329 C
1400 4274 1427 4331 d.
1450 4278 1544 4332 multi.

141 4393 143 4397 ,
204 4347 237 4405 Ρ.
257 4347 297 4400 lu.
318 4347 363 4401 Cr.
383 4376 423 4397 -n
440 4347 496 4400 Sed
512 4352 572 4401 inv.
592 4347 626 4404 V.
645 4346 687 4419 bl.
707 4347 738 4403 L.
787 4346 837 4422 (11)
864 4347 913 4400 sio
937 4348 1037 4421 Mergo
1059 4351 1135 4404 Cret.
1161 4349 1183 4405 E
1205 4351 1262 4405 Pal.
1289 4368 1331 4422 pr.
1352 4351 1436 4407 Grut.
1459 4353 1542 4425 Seqq.

150 4436 154 4441 ·
204 4452 243 4473 ..-
270 4418 411 4493 infamiae
436 4421 585 4475 subiectum
620 4419 690 4477 edd.
716 4422 780 4494 aliq.
807 4449 843 4466 -
867 4430 896 4475 st
921 4420 1060 4495 infamias
1088 4423 1241 4478 subiectum
1265 4423 1336 4480 lidd.
1366 4441 1431 4481 ente
1458 4429 1543 4482 Grut.

203 4494 257 4632 gl)
275 4513 318 4544 -·
331 4516 394 4552 cum
419 4500 460 4551 lu.
486 4496 530 4572 (ut
556 4499 592 4554 D.
618 4495 729 4553 solebet
752 4495 857 4572 quum.)
881 4526 919 4542 -
999 4498 1056 4553 ndo
1080 4499 1147 4554 Em.
1175 4517 1250 4576 susp.
1297 4501 1351 4571 (11)
1370 4530 1407 4545 -
1425 4504 1543 4574 qaudam

230 4592 272 4629 en.
291 4590 366 4627 sus.
416 4571 523 4646 (11)-
542 4577 641 4644 optimi
659 4573 725 4628 Em.
747 4591 822 4647 susp.
843 4571 922 4646 prob.
976 4575 1097 4630 sttblse!
1140 4574 1194 4644 (11)
1212 4595 1251 4636 -.-,·
1269 4582 1315 4649 qut
1328 4575 1394 4648 fut.
1413 4584 1456 4630 stt
1470 4579 1542 4651 plui.

205 4647 310 4710 ecssd.
358 4648 472 4707 .s01us.
522 4648 590 4714 Hie,
616 4647 665 4702 ubl
690 4653 731 4702 sls
751 4653 882 4722 primarie
902 4655 1057 4706 mnteutlse
1077 4655 1149 4706 lueet
1169 4655 1198 4705 iu
1218 4671 1243 4706 u.
1259 4651 1457 4725 philosophus,
1483 4673 1542 4708 me·
1556 4645 1565 4723 J

203 4723 258 4780 lius
278 4740 342 4778 suos
363 4724 521 4781 consultare
540 4721 681 4779 debuisset
700 4735 795 4778 sucos.
845 4722 897 4799 (¹⁷)
923 4723 972 4779 Sic
997 4724 1049 4779 Cd
1068 4725 1112 4780 El.
1128 4738 1174 4799 pr.
1195 4728 1341 4783 Turnebus
1360 4727 1391 4784 G.
1410 4728 1482 4783 Lali
1503 4732 1540 4784 G.

122 4820 138 4853 .·
204 4794 232 4856 9.
259 4797 475 4857 ruthenicus.
495 4799 642 4871 Plerique:
668 4826 707 4846 -
728 4800 827 4871 plagis
852 4816 883 4854 ut
908 4801 1008 4874 Mergo
1033 4802 1101 4869 Cn,
1130 4803 1191 4855 vele
1218 4830 1258 4849 ·-
1285 4802 1436 4874 Pelasgis,
1465 4801 1539 4876 quod

204 4876 383 4944 neutiquam,
402 4890 433 4929 ut
453 4879 493 4928 ele
512 4873 570 4941 G.,
590 4888 606 4925 s
625 4876 752 4928 victorio
771 4873 947 4949 proiectum,
970 4876 1073 4945 hubent
1093 4882 1151 4929 ism
1169 4879 1200 4933 P.
1221 4879 1263 4934 lu.
1283 4880 1355 4945 Cr..
1370 4895 1428 4934 tum
1449 4882 1482 4933 V.
1496 4878 1538 4931 Μ.

205 4948 236 5003 L.
256 4947 291 5001 D.
312 4953 337 5004 1.
357 4950 404 5003 Bt.
432 4947 558 5005 Absurde
576 4947 730 5015 lectio.4-
745 4952 859 5022 pelagis
879 4950 934 5007 stu
953 4949 1023 5006 Cdd.
1070 4950 1123 5025 (11)
1149 4964 1216 5006 eum
1235 4944 1310 5010 ¹Cdd.
1335 4955 1382 5009 Cr.
1401 4956 1434 5011 V.
1455 4956 1491 5010 G.
1512 4960 1539 5009 2.

142 5064 148 5073 ,
205 5042 245 5089 μ,
260 5022 319 5079 voi.
339 5021 401 5095 dico
421 5024 453 5079 t.
473 5025 516 5079 Μ.
534 5024 568 5079 L.
590 5026 625 5079 D.
647 5032 671 5083 1.
692 5027 739 5083 ur.
949 5028 953 5040 '

174 5332 179 5341 '
242 5334 261 5375 l
