3226 5488
573 364 878 499 AClADEMlCA.
939 452 944 461 ’
1321 370 1384 492 dli

67 588 168 643 aretem
183 577 354 643 secundum
370 573 472 657 ipsum
494 594 531 637 ea
555 580 621 647 est,
644 573 742 656 Quae
759 569 911 660 offertum
930 570 973 635 ab
991 591 1032 634 eo
1045 569 1138 654 quod
1153 578 1217 632 est.
1262 564 1384 630 Videa-

65 684 117 736 tur
138 670 237 755 igitur
257 669 354 736 Philo
380 669 443 733 iam
472 665 705 749 Peripateticus
725 666 948 748 potiusquam
970 662 1199 755 Academicus,
1235 682 1330 745 quum
1354 671 1386 727 et

65 786 223 829 assensum
244 785 309 829 nou
332 762 483 838 retineat,
519 774 551 827 et
583 770 734 847 percepta
757 761 929 836 concedat,
964 757 1157 840 cognitaque
1176 758 1215 817 ah
1238 755 1385 838 incogni-

65 861 104 923 tis
128 870 274 922 secernat
293 870 387 942 atque
408 856 619 937 discriminet,
657 855 731 920 lieet
751 874 818 916 non
837 851 891 915 illa
912 850 1086 915 certissima
1116 859 1250 932 atquae
1273 869 1383 915 errare

65 953 223 1036 nimquam
244 950 364 1033 possit,
389 951 570 1015 Stoicorum
593 952 683 1018 not'a
781 960 786 969 ‘

147 1048 238 1109 Haec
259 1067 356 1129 quum
378 1046 568 1109 Academica
594 1057 625 1109 et
647 1042 851 1115 Carneadea,
885 1038 981 1102 immo
1004 1048 1035 1100 et
1060 1016 1247 1112 Platonica,
1271 1046 1307 1098 ut
1328 1034 1385 1119 qui

30 1206 34 1213 ,
64 1161 127 1204 nen
140 1141 258 1222 plnres
286 1160 346 1202 nna
377 1139 550 1202 Academia
565 1138 676 1211 fuine
704 1134 798 1198 fateri
832 1133 951 1206 vellet,
984 1150 1054 1194 esse
1077 1130 1215 1237 diceret,
1239 1142 1386 1212 praetem,

64 1253 157 1317 quam
180 1234 268 1316 quod
286 1231 437 1294 mendacii
461 1233 500 1293 ab
522 1232 687 1296 Antiocho
705 1241 737 1293 et
761 1226 877 1293 Stoicis
901 1236 1066 1288 accusatus
1085 1223 1231 1287 convinci
1249 1225 1385 1305 putaba-

62 1337 132 1400 tur,
168 1325 222 1409 qui
243 1336 422 1393 commenta
445 1346 541 1388 suaa
566 1325 654 1389 nullo
684 1334 775 1386 antea
796 1319 1061 1386 Academicorum
1084 1315 1169 1379 dicta
1191 1328 1380 1398 exponeret,

64 1431 95 1483 et
115 1440 179 1500 pro
202 1418 401 1483 Academicis
424 1417 622 1494 venditaret,
677 1439 737 1480 nec
757 1415 818 1480 isto
838 1414 963 1499 quidem
986 1414 1083 1476 modo
1107 1409 1323 1473 Stoicorum
1313 1432 1382 1473 rur·

63 1511 115 1596 gia
139 1524 170 1574 et
194 1511 281 1573 rixas
303 1509 487 1594 effugiebat.
533 1511 597 1592 Qui
620 1523 743 1594 partem
767 1509 852 1571 illam
880 1500 1067 1569 definitionis
1084 1502 1253 1571 mordicus
1274 1516 1385 1569 tenen·

62 1617 130 1680 tes,
155 1597 244 1667 Nihil
266 1623 334 1666 esse
356 1604 530 1688 cognitum
545 1616 599 1668 aut
620 1604 882 1687 comprehensum
906 1599 1101 1673 clamabant,
1141 1597 1192 1659 cui
1207 1597 1261 1661 illa
1281 1598 1384 1680 potis·

62 1698 175 1760 simum
193 1718 268 1778 pars
288 1718 353 1760 nou
373 1696 576 1773 conueniret,
601 1711 693 1784 atque
714 1699 758 1761 ita
778 1695 968 1768 Philonem,
992 1691 1047 1777 qui
1065 1691 1151 1754 illam
1167 1691 1383 1765 conditionem

62 1792 143 1855 nielli
158 1811 294 1873 unquam
316 1791 365 1854 rei
382 1793 555 1854 convenire
577 1813 672 1874 posse
692 1792 881 1862 affirmaret,
904 1788 1020 1850 nullam
1037 1807 1105 1848 rem
1119 1784 1240 1867 percipi
1255 1784 1382 1859 dicere,
1444 1824 1446 1827 ·

66 1885 301 1968 discrimenque
322 1883 477 1970 incogniti
500 1896 532 1949 et
550 1885 675 1971 ¹cogniti
694 1885 822 1950 tollere.
868 1880 1003 1946 Cicero:
1026 1879 1168 1954 ,Philo¹
1191 1888 1294 1957 autem
1310 1880 1386 1945 duim

61 1999 147 2041 nova
168 1980 320 2060 quaedam
344 1991 545 2055 commovet,
563 1982 658 2063 ⁴quud
683 1999 719 2043 ea
740 1977 897 2053 sustinere
914 1974 979 2045 ⁴viu
999 1983 1145 2057 poterat,
1170 1993 1250 2055 quae
1273 1985 1386 2038 contra

61 2071 328 2135 Academicorum
346 2073 547 2154 pertinaciam
570 2073 765 2147 dicebantur,
785 2083 817 2133 et
834 2080 943 2152 aperte
958 2068 1128 2140 mentitur,
1153 2076 1188 2127 ut
1210 2075 1258 2128 est
1271 2087 1385 2148 reprev

60 2165 180 2227 hensus
202 2186 220 2225 a
243 2177 337 2246 patre
361 2164 498 2242 Catulo,
523 2179 572 2243 et,
596 2179 631 2230 ut
653 2165 762 2230 <locauit
778 2164 978 2239 Antiochus,
1002 2161 1033 2225 in
1055 2160 1110 2224 id
1102 2182 1205 2242 ipsum
1227 2181 1261 2223 se
1282 2160 1385 2229 induit

61 2259 152 2338 qnod
175 2256 320 2321 timebat.
365 2260 470 2349 Quinum
497 2259 577 2325 enim
600 2262 643 2324 ita
667 2271 800 2345 negaret
823 2260 994 2342 quidquam
1012 2276 1101 2331 esse,
1125 2256 1214 2362 quod
1236 2274 1384 2336 compre·

59 2349 155 2415 hendi
176 2362 305 2432 posset,
342 2352 370 2415 si
397 2353 475 2416 illud
500 2366 600 2431 esset,
639 2354 719 2419 sicut
747 2355 839 2415 Zeno
865 2349 1034 2424 deliniret,
1072 2346 1176 2412 visum
1196 2349 1384 2428 impressum

60 2444 261 2527 effictumque
281 2466 321 2508 ιιι
341 2468 380 2510 ιο
404 2451 492 2531 quod
513 2457 616 2524 esset,
655 2448 747 2532 quale
774 2466 844 2509 esse
870 2466 933 2508 non
955 2454 1065 2525 posset
1086 2462 1128 2503 ιιι
1147 2460 1187 2504 eo
1212 2443 1300 2548 quod
1320 2462 1386 2506 non

60 2549 164 2614 esset,
187 2538 220 2602 id
241 2559 333 2603 nosa
356 2542 489 2605 Zenone
514 2542 676 2606 definitum
700 2539 875 2604 rectissime
898 2537 1042 2601 dicimus.
1087 2536 1150 2612 Qut
1176 2535 1255 2601 enim
1278 2546 1386 2617 potest

61 2632 234 2716 quidquam
257 2637 502 2716 comprehendi,
538 2648 575 2699 ut
606 2638 700 2719 plane
722 2634 862 2698 confidas
894 2631 927 2694 id
951 2643 1136 2713 perceptum
1157 2630 1385 2715 cognitumque

60 2745 152 2800 csse3
182 2729 269 2810 quod
291 2741 340 2790 est
361 2727 421 2792 tale
446 2733 538 2812 qirale
560 2731 613 2794 vel
636 2730 749 2793 falsum
774 2747 842 2791 esse
857 2724 997 2809 possit?
1033 2727 1109 2810 ῌοι
1131 2751 1227 2812 quum
1247 2724 1385 2789 infirmat

60 2820 211 2904 tollitque
231 2821 348 2897 Philo,
383 2822 531 2887 iudicium
560 2824 644 2889 tollit
668 2820 824 2907 incogniti
844 2832 877 2884 et
900 2819 1041 2904 segnitia
1079 2843 1120 2884 ιιι
1141 2842 1206 2908 quo
1229 2819 1382 2893 efficitur,

59 2913 152 2977 Nihil
162 2934 266 2995 ,posse
280 2917 518 2996 comprehendi.
548 2918 599 2980 Ita
614 2918 795 2999 imprudens
811 2935 851 2979 eo
867 2935 931 2997 quo
943 2913 1070 2978 minime
1084 2917 1153 2981 vult
1168 2910 1384 2982 revolvitur.''

148 3008 208 3069 Illa
235 3009 327 3071 etiam
348 3009 474 3086 omnia,
495 3032 577 3095 quae
599 3008 759 3092 exipsius
781 3006 949 3073 Ciceronis
969 3030 1107 3090 persona
1128 3010 1161 3073 in
1175 3009 1317 3073 Lucullo
1330 3026 1384 3069 re·

60 3101 218 3177 citantur,
256 3102 424 3167 Philonem
454 3105 639 3190 magistrum
665 3101 804 3183 sapiunt.
847 3099 908 3175 „Si
929 3101 1009 3164 enim
1033 3102 1182 3188 (inquito
1215 3100 1292 3165 mihi
1312 3120 1386 3163 cum

59 3195 281 3277 Peripatetico
302 3217 356 3261 res
387 3210 488 3272 esset,
524 3198 577 3282 qui
604 3198 638 3260 id
658 3194 781 3278 percipi
810 3215 909 3276 posse
939 3198 1058 3261 diceret
1083 3201 1173 3282 quod·
1198 3198 1386 3279 impressum

60 3301 148 3352 esset
177 3310 194 3352 a
226 3311 325 3367 vero,
361 3311 463 3375 neque
493 3293 658 3354 adhiberet
679 3290 763 3354 illam
786 3310 929 3372 magnam
952 3289 1183 3367 accessionem,
1222 3291 1385 3374 quomodo

59 3382 200 3464 imprimi
221 3404 288 3447 non
307 3397 426 3467 posset
441 3406 471 3447 ¹a
499 3385 603 3460 falso,
629 3405 700 3447 cum
721 3382 857 3463 simplici
877 3382 1004 3447 homine
1026 3384 1212 3466 simpliciter
1234 3405 1382 3469 agerem,

59 3497 123 3539 nec
145 3499 260 3560 magno
283 3479 383 3559 opere
404 3481 642 3542 contenderem.
697 3478 806 3560 Atque
828 3474 940 3552 etiam,
964 3475 1009 3554 si,
1034 3500 1131 3561 quum
1154 3501 1218 3564 ego
1241 3477 1317 3541 nihil
1338 3475 1386 3539 di·

59 3592 169 3633 cerem
190 3592 288 3652 posse
310 3572 553 3653 comprehendi,
578 3572 697 3637 diceret
717 3571 772 3634 ille
794 3571 966 3651 sapientem
980 3568 1137 3635 interdum
1153 3573 1296 3656 opinari,
1320 3592 1386 3637 non

59 3685 295 3749 repugnarem,
328 3666 525 3748 praesertim·
545 3686 604 3728 nec
631 3665 799 3730 Carneade
825 3663 952 3747 quidem
981 3664 1056 3728 huic
1076 3666 1151 3731 loco
1173 3669 1266 3730 valde
1288 3687 1387 3748 repue

60 3771 195 3842 gustate.
243 3762 338 3823 Nunc
359 3760 435 3845 quid
455 3760 563 3823 facere
584 3756 739 3842 possum?
762 3777 884 3840 quaero
906 3756 1006 3834 enim,
1032 3758 1107 3842 quid
1127 3760 1169 3822 sit
1189 3762 1277 3846 qnod
1299 3780 1388 3824 com·

58 3850 219 3934 prehendi
237 3852 349 3934 possit.
395 3855 582 3934 Respondet
604 3852 678 3915 mihi
699 3868 764 3916 non
783 3849 976 3914 Aristoteles
999 3864 1052 3916 aut
1068 3855 1324 3937 Theophrastus,
1347 3873 1388 3920 ne

60 3946 267 4009 Xenocrates
297 3946 424 4029 quidem
457 3958 510 4009 aut
541 3946 696 4024 Polemo,
736 3946 792 4008 sed
821 3942 920 4008 nihilo
952 3945 1055 4012 minor
1088 3947 1134 4026 (id
1156 3961 1222 4026 est,
1257 3949 1384 4025 Zeno),

60 4042 156 4122 quod
176 4052 225 4103 est
244 4039 307 4102 tale
328 4061 440 4103 verum
463 4040 555 4125 quale
572 4039 690 4119 ,fatuum
713 4061 782 4125 esse
805 4057 870 4109 non
894 4039 1007 4120 possit.
1052 4040 1139 4105 Nihil
1164 4041 1317 4106 eiusmodi
1337 4041 1386 4103 in-

60 4131 180 4206 venio,
203 4132 309 4216 itaque
330 4132 497 4220 incognito
518 4134 664 4197 nimirum
686 4133 853 4204 assentiar,
877 4129 909 4195 id
932 4145 980 4195 est
1003 4133 1174 4216 opinabor.
1218 4137 1294 4199 Hoc
1311 4132 1387 4197 mihi
1462 4154 1465 4161 ¹

61 4237 97 4289 et
120 4226 330 4307 Peripatetici
350 4239 382 4291 et
403 4240 493 4292 retus
515 4228 688 4293 Academia
709 4222 873 4302 concedit,
907 4220 1119 4308 voslstoici)
1143 4229 1285 4315 negatis,
1316 4229 1388 4291 An·

60 4318 190 4382 tioehus
212 4319 374 4401 inprimis
396 4322 480 4386 cet.’'
542 4324 698 4386 sextum:
723 4323 819 4387 Philo
844 4329 945 4385 alutem
967 4319 1028 4395 ait,
1064 4335 1217 4405 quantum
1237 4325 1279 4386 ad
1300 4321 1387 4386 Stoi·

60 4435 137 4476 cum
160 4412 338 4493 criterium,
376 4415 410 4478 id
430 4428 500 4498 est,
535 4414 1067 4499 phantasiamcomprehensivam,
1097 4418 1387 4481 res‘essetincom-

59 4505 319 4587 prehensibiles:
354 4521 503 4593 quantum
532 4522 637 4574 autem
673 4511 712 4572 ad
748 4522 891 4574 nattuam
925 4531 1034 4572 rerum
1069 4509 1386 4591 comprehensibiles.

20 4646 22 4653 ,
60 4599 241 4662 Numenius
263 4601 366 4710 statim
386 4615 461 4686 post
481 4603 535 4667 illa
555 4606 656 4668 verba
678 4624 759 4688 quae
782 4604 929 4686 superius
952 4625 994 4667 ex
992 4602 1086 4714 ipso
1109 4605 1383 4715 adscnihehaqansr

60 4686 110 4770 ὡς
134 4693 170 4758 δὲ
193 4691 367 4781 προίόντος
392 4704 453 4783 μὲν
484 4697 544 4764 τοῦ
566 4692 758 4790 χρόνου,ι
745 4693 892 4779 ἐξιτήλου
917 4691 1000 4765 δὲ’
984 4693 1048 4764 υπὸ
1081 4698 1264 4779 συνηθείας
1288 4694 1389 4780 οὔσης
1433 4708 1450 4793 Ἰ

59 4991 88 5058 β
112 4914 179 5052 (ὥς)
204 4921 235 4971 ln
262 4917 429 4973 Luculloc.
453 4920 483 4977 6.
535 4920 573 4994 (²)
599 4926 631 4977 ln
650 4919 776 4975 Lucullo
803 4920 837 4977 C.
861 4924 907 4983 55.
954 4919 994 4992 (³)
1015 4921 1188 4998 Hypetypoa.
1206 4920 1227 4979 l.
1248 4924 1274 4980 1.
1294 4935 1320 4978 c.
1340 4925 1387 4983 53.
