3188 5492
210 432 272 495 262
319 456 322 469 ·
368 458 371 471 ¹
630 435 829 501 AURELII
860 437 1117 504 AUGUSTINI

1215 536 1225 561 ἱ

210 585 278 651 est,
304 573 380 638 nihil
402 597 539 660 unquam
566 578 689 659 sapiens
712 578 938 661 approbabit.’'
991 580 1084 643 Unde
1106 578 1304 642 manifestum
1325 589 1392 655 est,
1416 602 1467 644 eos
1486 583 1514 643 dc

209 668 350 751 sapiente
372 669 434 733 illis
456 673 520 733 suis
543 673 809 755 disputationibus
833 662 949 737 contra
968 692 1047 757 quas
1069 672 1198 735 nitimur
1219 693 1390 758 quaerere.

295 763 348 825 32.
381 765 474 848 Ergo
501 766 643 831 arbitror
668 789 752 852 ego,
781 767 916 849 sapienti
940 780 1058 830 certam
1082 789 1152 830 esse
1175 768 1378 849 sapientiam,
1407 767 1440 830 id
1464 780 1516 842 est,

209 856 380 938 sapientem
402 860 584 940 percepisse
605 861 811 943 sapientiam
856 874 887 925 et
914 865 956 927 ob
983 866 1047 926 boc
1072 884 1142 925 etim
1171 883 1237 926 non
1267 861 1413 943 opinari,
1439 884 1517 946 quum

184 1016 187 1031 ⁸
211 950 380 1012 assentitur
404 953 587 1033 sapientiae.
632 956 815 1019 Assentitnr
836 956 915 1019 enini
936 956 964 1020 ci
985 958 1051 1030 rei,
1075 977 1169 1041 qnam
1192 954 1303 1017 sinon
1329 958 1517 1038 percepisset,

131 1116 136 1125 ¹
212 1043 337 1124 sapiens
357 1066 419 1107 non
443 1059 539 1108 esset.
585 1051 654 1112 Nec
674 1052 724 1114 isti
747 1070 936 1136 quemqnam
960 1072 1025 1114 non
1041 1053 1158 1112 debere
1175 1048 1339 1123 assentiri,
1365 1049 1425 1110 nisi
1441 1052 1518 1111 rebus

210 1159 292 1220 qnae
316 1159 379 1200 non
405 1152 541 1220 possunt
570 1144 710 1226 percipi,
747 1146 913 1209 affirmant.
968 1147 1041 1207 Non
1064 1153 1167 1205 autem
1195 1141 1351 1223 sapientia
1375 1142 1518 1205 nibil‘est.

210 1232 315 1308 Otium
330 1230 430 1313 igitur
449 1244 479 1294 et
500 1236 558 1296 scit
576 1237 759 1319 sapientiam
779 1253 813 1305 et
835 1237 1002 1302 assentitur
1025 1234 1214 1319 sapientiae,
1240 1258 1343 1320 neque
1362 1237 1437 1299 nihil
1454 1236 1517 1311 scit,

210 1346 311 1408 neque
339 1325 416 1387 nulli
436 1326 484 1389 rei
508 1316 632 1410 sapiens
652 1334 840 1398 assentitur:
872 1333 948 1419 quid
970 1331 1104 1413 amplius
1128 1328 1248 1392 vultis?
1269 1330 1324 1393 An
1347 1334 1386 1393 de
1408 1331 1461 1394 illo
1479 1353 1518 1393 er·

208 1438 286 1481 rore
312 1417 428 1501 aliquid
451 1424 648 1503 quaerimus,
672 1448 766 1512 quem
787 1427 894 1490 dicunt
915 1425 1041 1508 penitus
1065 1423 1196 1499 evitari,
1222 1424 1299 1486 siin
1328 1426 1444 1488 nnllam
1465 1444 1519 1487 rem

208 1511 500 1577 animum'declinet
523 1519 685 1584 assensio?
718 1522 817 1591 Errat
839 1523 942 1596 enim,
977 1517 1140 1604 inquiunt,
1181 1519 1322 1603 quisquis
1349 1540 1414 1583 non
1435 1519 1519 1582 solum

204 1634 271 1675 rem
295 1613 429 1689 salsam,
463 1612 637 1675 sedetiam
668 1614 814 1688 dubiam,
849 1613 992 1697 quamvis
1026 1635 1104 1675 vera
1131 1611 1192 1687 sit,
1232 1615 1417 1694 approbat:
1454 1612 1518 1675 nihil

207 1702 309 1769 etitem
336 1710 435 1791 squod
459 1707 588 1769 dubium
617 1708 745 1771 nonsit
770 1706 912 1771 invenio.
972 1709 1020 1771 At
1048 1706 1169 1797 invenit
1194 1706 1318 1788 sapiens
1344 1707 1462 1789 ipsam,
1493 1718 1521 1768 ut

207 1800 405 1878 dicebamus,
430 1801 627 1882 sapientiam.

291 1896 373 1958 XV.
398 1897 451 1959 33.
484 1896 545 1958 Sed
570 1882 730 1958 biaciam
754 1893 851 1958 vultis
878 1892 1018 1959 fortasse
1047 1916 1096 1958 me
1122 1893 1296 1959 discedere.
1357 1897 1434 1959 Non
1462 1906 1519 1957 sunt

207 1985 302 2051 facile
336 1990 535 2053 securissima
566 1990 790 2074 relinquenda3
828 2014 898 2053 cnm
930 1988 1153 2053 versutissimis
1182 1988 1364 2051 hominibus
1395 1989 1522 2073 agimus:

207 2103 327 2145 rnorem
350 2094 453 2147 tamen
479 2076 717 2169 vobis‘geram.
762 2088 825 2148 Sed
847 2085 924 2169 qnid
944 2085 997 2147 hic
1019 2082 1143 2146 dicam?
1175 2084 1269 2167 quid,
1296 2081 1466 2168 quidnam?
1490 2082 1519 2143 il·

207 2173 264 2237 lnd
285 2174 431 2239 nimirum
454 2189 545 2240 votus
569 2178 732 2241 dicendum
755 2192 820 2256 est,
844 2180 900 2242 nbi
923 2192 953 2242 et
976 2174 1036 2261 ipsi
1057 2179 1175 2240 habent
1197 2179 1284 2259 quod
1299 2178 1417 2239 dicant.¹
1450 2175 1520 2255 Quid

209 2269 290 2332 enim
311 2269 436 2346 faciam,
462 2293 554 2356 quem
577 2274 616 2335 de
633 2273 742 2336 castris
766 2274 843 2336 meis
864 2278 953 2338 foras
976 2272 1125 2336 truditis?
1147 2294 1219 2334 nam
1242 2272 1425 2353 implorabo
1447 2269 1519 2332 atini·

207 2362 248 2425 lia
277 2365 477 2451 doctiorum,
516 2387 585 2428 cum
616 2368 730 2449 quibus
756 2369 782 2431 si
815 2389 967 2449 superare
997 2387 1143 2451 nequeo,
1180 2366 1280 2428 minus
1311 2366 1442 2446 pudebit
1462 2364 1519 2425 sor·

210 2468 292 2541 tasse
320 2457 493 2543 superari?
525 2460 644 2523 Iaciam
672 2460 771 2546 igitur
796 2464 911 2546 quibus
934 2460 1055 2526 viribus
1077 2478 1207 2543 possum
1228 2461 1390 2523 sentuosum
1413 2457 1520 2543 quidem

209 2549 269 2611 iam
293 2563 323 2614 et
346 2547 592 2628 scabrum,⁰sed
614 2555 673 2641 nisi
695 2555 810 2631 fallor,
835 2555 1059 2619 validissimum
1082 2555 1191 2618 telum.
1238 2555 1301 2634 Qui
1323 2554 1402 2616 nihil
1419 2570 1520 2634 appro-

211 2646 284 2718 bat,
308 2646 384 2708 nrlril
407 2647 485 2731 agit.
531 2638 741 2714 Ohoniinem
765 2649 935 2715 rusticum!
969 2651 1012 2712 Et
1034 2650 1090 2711 ubi
1112 2659 1160 2712 est
1181 2647 1379 2731 probabile?
1413 2646 1465 2710 ubi
1483 2653 1520 2707 est

212 2738 436 2804 verisimile?
471 2741 547 2806 Hoc
569 2744 737 2808 volebatis.
797 2743 964 2807 Auditisue
986 2756 1022 2806 ut
1053 2755 1167 2807 sonent
1203 2752 1292 2806 scuta
1316 2736 1520 2805 Graecanica?
1569 2776 1570 2783 κ

210 2835 390 2916 Exceptum
413 2831 569 2920 estquod
590 2838 843 2902 robustissimum
867 2837 1011 2922 quidem:
1045 2840 1101 2901 scd
1129 2858 1191 2921 qna
1221 2856 1313 2898 mann
1333 2834 1459 2899 iaculati
1477 2855 1520 2896 sum
1569 2842 1570 2867 ³

209 2948 291 2993 mus.
338 2927 380 2990 Et
402 2929 479 2992 nihil
501 2930 576 2993 mihi
598 2933 758 3014 potentius
780 2933 829 2995 isti
849 2932 911 2994 mei
925 2942 1120 3016 suggerunt3
1143 2951 1202 2992 nec
1216 2928 1351 3013 aliquid,
1377 2941 1413 2992 ut
1429 2929 1517 3000 rideo,

208 3021 346 3085 vulneris
375 3023 520 3091 fecimus.
566 3025 762 3091 Convertain
785 3049 835 3090 me
858 3029 897 3089 ad
920 3047 968 3102 ea,
1002 3047 1082 3110 quae
1106 3024 1180 3089 villa
1206 3036 1238 3087 et
1260 3046 1338 3109 ager
1361 3023 1517 3088 ministrat:

211 3126 344 3180 onerant
367 3137 416 3177 me
438 3119 546 3197 potins
569 3115 687 3183 maiora
711 3144 804 3206 quam
827 3133 1029 3203 praeparant.
1334 3128 1336 3135 '

228 3226 233 3241 ³
295 3209 347 3271 34.
372 3210 452 3272 Nam
476 3234 573 3294 quum
597 3213 721 3301 otiosus
745 3216 798 3278 diu
820 3216 1008 3300 cogitassem
1031 3214 1063 3276 in
1086 3213 1149 3276 isto
1168 3234 1260 3288 rnre,
1286 3209 1518 3296 quonammodo
1568 3242 1569 3251 κ

209 3305 311 3387 possit
339 3304 421 3367 istuc
450 3307 619 3388 probabile
651 3329 689 3370 ac
716 3310 787 3372 veri
815 3309 916 3372 simile
946 3320 1034 3372 actus
1064 3318 1193 3370 nostros
1223 3309 1264 3368 ab
1293 3327 1407 3369 errore
1429 3303 1519 3365 delen·
1568 3356 1569 3395 ,

212 3400 307 3474 dere,
345 3397 449 3488 primo
481 3397 584 3463 visum
614 3411 662 3464 est
691 3402 784 3480 mihi,
817 3415 852 3465 ut
881 3404 965 3467 solet
992 3402 1111 3478 videri,
1142 3423 1237 3486 quum
1259 3400 1320 3462 ista
1341 3401 1516 3467 vendebam,

211 3493 292 3555 belle
314 3502 430 3555 tectum
454 3504 486 3555 et
508 3495 673 3559 inanitum.
728 3497 853 3560 Deinde
877 3496 932 3560 ubi
953 3508 1055 3561 totum
1078 3496 1199 3559 cautius
1222 3494 1451 3577 circumspexi,
1480 3487 1518 3550 vi·

212 3607 265 3647 sns
295 3607 362 3648 sum
393 3586 467 3649 mihi
498 3587 612 3653 vidisse
641 3575 736 3653 antini
766 3592 901 3667 aditum,
939 3615 999 3676 qua
1030 3590 1075 3656 iu‘
1091 3612 1230 3653 securos.
1259 3610 1352 3652 error
1384 3589 1516 3651 irrueret.

214 3679 288 3741 Non
318 3679 402 3741 enim
431 3678 532 3744 solum
560 3696 640 3764 puto
671 3706 739 3748 etim
770 3708 899 3761 errare,
939 3688 993 3770 qui
1021 3687 1132 3748 salsam
1168 3685 1249 3767 viam
1269 3683 1441 3765 seqnitur,
1475 3676 1518 3738 sed

128 3806 130 3809 ·
214 3770 306 3835 etiam
330 3795 421 3848 eum,
446 3776 630 3867 quiveram
653 3799 718 3841 non
740 3779 894 3862 sequitur.
939 3780 1104 3843 Faciamus
1128 3778 1207 3842 enim
1232 3781 1311 3840 duos
1336 3777 1469 3839 viatores
1488 3766 1518 3831 ad

211 3888 306 3927 triinm
337 3867 441 3931 locum
471 3873 654 3948 tendentes,
691 3886 827 3959 quorum
858 3876 938 3936 alter
966 3871 1136 3935 instituerit
1165 3870 1240 3953 nulli
1273 3875 1420 3942 credere,
1453 3865 1518 3925 citet

212 3959 302 4020 nimis
332 3966 478 4025 credulus
508 3964 560 4026 sit.
615 3968 757 4031 Ventum
777 3974 831 4031 est
852 3970 892 4030 ad
914 3967 1041 4049 aliquod
1063 3966 1202 4038 bivium3
1240 3967 1292 4027 hle
1312 3965 1367 4026 ille
1390 3958 1515 4025 credulus
1567 4004 1568 4021 .

210 4054 333 4138 pastori
348 4055 401 4138 qni
413 4061 536 4132 aderat,
552 4059 602 4121 vel
618 4061 752 4143 cuipiam
766 4061 945 4146 rusticano:
965 4061 1071 4134 Salve,
1088 4058 1178 4143 frugi
1193 4061 1303 4122 homo:
1321 4058 1383 4132 dic,
1401 4070 1512 4139 quaeso,
1567 4088 1568 4149 q

211 4164 271 4233 qna
293 4150 425 4213 beneio
448 4150 533 4214 illum
556 4152 660 4218 locum
690 4169 857 4240 pergatur.
915 4154 1163 4235 Respondctur:
1199 4153 1232 4215 Si
1253 4153 1313 4213 hac
1340 4152 1422 4225 ibis,
1455 4139 1514 4207 nihil

211 4244 346 4334 errabis.
391 4247 436 4309 Et
456 4248 509 4310 ille
533 4252 572 4311 ad
593 4248 760 4313 comitem:
784 4246 1011 4323 Verumdieit,
1036 4250 1096 4309 hac
1118 4266 1237 4309 carnus.
1282 4244 1378 4323 Ridet
1395 4243 1440 4304 vir
1456 4256 1514 4299 ean·

212 4338 369 4414 tissimus,
408 4354 440 4404 et
467 4353 531 4404 tam
562 4344 627 4407 cito
659 4364 821 4408 assensum
841 4342 1034 4406 facetissime
1054 4336 1180 4414 illudit,
1219 4350 1314 4424 atque
1336 4340 1449 4400 interea
1468 4327 1512 4392 illo

214 4431 394 4497 discedente
416 4434 445 4498 in
470 4435 560 4498 bivio
582 4436 711 4520 figitur:
748 4449 779 4498 et
806 4437 865 4499 iam
888 4434 998 4516 incipit
1020 4433 1120 4497 videri
1141 4444 1234 4514 turpe
1257 4454 1399 4506 cessare,
1435 4440 1511 4525 qtttttss
1566 4416 1567 4491 l

215 4551 288 4592 ecce
311 4550 351 4590 ex
374 4528 437 4593 alio
461 4530 530 4592 viae
553 4551 654 4593 cornu
675 4531 778 4594 lautus
800 4532 925 4614 qnidam
954 4540 985 4591 et
1014 4530 1151 4589 urbanus
1181 4548 1264 4609 equo
1295 4527 1427 4589 insidens
1453 4536 1516 4581 emt-v

215 4635 285 4698 net,
311 4635 342 4685 et
363 4621 581 4707 propinquare
603 4620 741 4707 occipit:
774 4626 950 4708 gratulatur
971 4623 1043 4686 iste.
1104 4624 1186 4683 Tum
1218 4620 1396 4702 advenienti
1424 4629 1452 4678 et
1473 4630 1512 4673 tt·
1566 4606 1567 4629 ¹

214 4714 316 4777 lutato
340 4716 453 4778 indicat
474 4712 696 4799 propositum,
735 4718 859 4803 quaerit
883 4718 981 4793 viam,
1020 4716 1096 4779 dicit
1117 4714 1210 4778 etiam
1234 4711 1435 4777 remansionis
1454 4719 1511 4768 suae
1566 4740 1567 4793 q

217 4830 377 4888 caussam,
414 4833 478 4894 quo
501 4804 793 4895 benevolentiorem
816 4815 945 4899 reddat,
983 4810 1107 4892 pastori
1129 4832 1200 4873 cnm
1222 4808 1416 4891 praeferens.
1466 4795 1511 4861 lllt
1566 4800 1567 4807 '

217 4913 408 4965 autemcasn
425 4907 536 4988 planns
558 4917 626 4969 erat
648 4910 686 4969 de
707 4906 757 4979 iis,
782 4930 864 4991 quos
881 4904 1111 4969 samardacos⁹
1132 4906 1193 4966 iam
1209 4904 1326 4986 vulgus
1342 4910 1440 4965 vocat.
1461 4893 1509 4954 'lt-

217 4996 283 5059 nuit
305 5016 393 5057 snum
417 5021 538 5089 morem
559 5000 656 5063 borno
679 5001 836 5081 pessimus
856 5001 948 5062 ctiam
971 4996 1091 5083 grafia.¹
1141 5000 1213 5062 Hac
1235 5019 1353 5081 perge,
1376 4995 1432 5056 ait:
1455 5000 1507 5047 nan
