3288 5490
989 258 998 303 l

490 460 492 469 .
576 400 582 419 ⁴
667 346 833 487 muu'.
879 398 921 465 c.
946 400 979 465 a.
1095 442 1101 453 .
1449 403 1470 470 s

135 547 334 628 disputatur,
358 541 533 613 scientiam.
578 540 645 623 Qui
665 541 741 606 mihi
762 540 911 607 ridentur
932 563 999 608 non
1019 542 1122 609 solum
1152 542 1280 624 vivifi,
1300 548 1356 611 sed
1379 545 1470 611 etiam

134 639 272 705 mortuis
295 638 452 703 invidere.

111 741 115 745 '
220 736 289 799 ΙΙΙ.
320 736 435 802 Restat
462 755 560 799 uustm
589 753 690 818 genus
719 734 1009 814 reprehensorum,
1033 733 1150 820 quibus
1171 730 1363 799 Academiae
1384 733 1471 800 ratio

90 836 92 839 ’
133 850 200 895 non
219 832 391 912 probatur.
438 828 537 908 Quod
558 827 689 911 gravius
710 827 890 902 ferremus,
915 828 942 891 si
963 828 1131 913 qttisquam
1152 830 1248 893 ullam
1272 828 1470 911 disciplinam

132 923 359 1011 philosophiae
374 925 547 1005 probaret,
570 933 802 1004 praeteream,
825 944 920 1006 quiam
936 922 1004 1004 ipse
1020 935 1221 1007 sequeretur.
1259 924 1330 986 Nos
1344 935 1468 998 autem,

24 1044 27 1045 ⁷
134 1018 308 1103 quoniam²
330 1027 444 1080 contra
467 1036 575 1079 omues
600 1014 732 1091 dicere,¹
751 1016 806 1099 qui
827 1015 909 1079 scire
933 1015 994 1079 sibi
1015 1018 1197 1095 videntum,
1222 1017 1381 1091 solemus,
1406 1037 1472 1079 non

98 1120 101 1123 ’
132 1133 324 1195 possumus,
356 1109 433 1195 quin
464 1110 516 1173 alii
545 1110 677 1175 anobis
691 1110 905 1185 dissentiant,
943 1133 1111 1175 recusare:
1148 1133 1338 1196 quamquam
1360 1123 1472 1173 nostru

134 1205 263 1290 quidem
293 1226 387 1267 eausa
414 1204 565 1269 facilior‘t
585 1217 651 1282 est,
688 1206 745 1289 qni
775 1224 886 1268 rerum
916 1204 1059 1268 invenire
1082 1205 1149 1269 sine
1170 1206 1235 1271 ulla
1266 1204 1471 1269 contentione
1553 1208 1556 1219 .

135 1299 304 1374 volumus,
335 1297 430 1381 idque
453 1320 572 1361 stimma
595 1320 672 1362 cura
695 1299 864 1382 stuob'oque
886 1299 1117 1381 conquirimus.
1169 1299 1239 1363 Etsi
1263 1298 1344 1362 enim
1368 1297 1472 1363 omnis

135 1391 282 1477 cognitio
305 1391 411 1473 multis
435 1404 482 1456 est
506 1395 672 1473 obstruota
688 1392 941 1468 difficultatibus,
966 1394 1088 1478 eaque⁵
1105 1394 1174 1457 est⁶
1189 1406 1220 1457 et
1236 1394 1265 1456 iu
1281 1394 1358 1475 ipsis
1374 1396 1471 1457 robus
1556 1409 1559 1415 '

137 1485 336 1561 obscuritas,
373 1484 455 1550 etin
477 1480 600 1549 iudiciis
623 1487 741 1550 uostris
763 1484 947 1562 infirmitas,
985 1498 1105 1550 utnon
1129 1487 1195 1551 siue
1218 1509 1312 1551 causa
1335 1500 1367 1550 et
1390 1485 1473 1552 anti·

55 1603 60 1608 ·
91 1600 92 1607 ¹
134 1579 281 1664 quissimi
304 1591 334 1642 et
358 1579 551 1645 doctissimi⁷
581 1580 726 1645 iuvenire
747 1600 781 1642 se
803 1600 920 1663 posse,
952 1585 1041 1666 qttod
1063 1594 1234 1664 cuperent,
1273 1581 1365 1645 diffisi
1387 1581 1469 1645 sint:

133 1686 240 1737 tamen
263 1696 322 1736 nec
344 1673 391 1736 illi
407 1673 611 1751 defecerunt,
635 1694 819 1760 nequenos
836 1675 972 1737 studium
989 1676 1177 1760 exquirendi
1193 1675 1358 1760 defatigati
1365 1675 1472 1739 reliu-

135 1769 300 1852 quimus⁸;
336 1789 441 1851 neque
463 1780 591 1831 nostrae
620 1769 849 1851 disputationes
872 1769 1045 1854 quidquam
1067 1771 1152 1833 aliud
1174 1782 1291 1856 agunt,
1322 1770 1383 1834 nisi
1413 1783 1468 1853 ut,

123 1862 167 1939 xiu
190 1874 356 1946 utramque
385 1874 510 1944 partem
532 1863 705 1940 diceudo⁹‚
742 1865 868 1927 eliciant
891 1876 922 1926 st
946 1876 1105 1947 tamquam
1129 1867 1309 1949 exprimant
1331 1865 1469 1949 aliquid,

133 1958 224 2039 quod
246 1968 301 2018 aut
321 1976 433 2018 rerum
458 1956 514 2032 sit,
548 1970 601 2025 aut
625 1961 664 2020 ad
685 1959 718 2021 id
739 1978 833 2042 quam
857 1957 1004 2039 proxime
1027 1962 1170 2022 accedat.
1225 1961 1258 2023 8.
1284 1962 1398 2044 Neque
1421 1959 1470 2023 itt·
1498 1988 1504 2002 ·

132 2061 186 2115 ter
208 2069 287 2124 uos,
327 2060 358 2111 et
379 2070 460 2123 eos,
499 2050 554 2132 qui
577 2072 611 2113 se
633 2052 751 2115 seire¹⁰
774 2051 1005 2133 arbitrantur,
1029 2054 1202 2139 quidquam
1224 2054 1374 2129 interest,
1411 2051 1472 2115 nisi

46 2196 50 2201 .
133 2145 225 2227 quod
253 2142 298 2205 illi
321 2165 386 2207 non
408 2144 584 2220 dubitant„
606 2145 682 2230 quin
704 2169 741 2210 ea
763 2168 841 2210 vera
864 2146 945 2222 siut,
970 2169 1051 2230 quae
1073 2149 1270 2213 defendente
1309 2158 1367 2211 hos
1389 2168 1470 2229 pro-

132 2235 254 2300 babilia
276 2237 373 2299 multa
393 2238 568 2316 habemus,
593 2262 674 2322 quae
696 2242 788 2326 sequi
801 2241 915 2315 facile,
940 2244 1097 2306 affirmare
1112 2243 1168 2306 vix
1184 2264 1366 2325 possumus.
1394 2245 1473 2305 Hos

134 2342 243 2407 autem
271 2330 457 2403 liberiores
477 2344 509 2396 et
538 2334 711 2399 solutiores
744 2357 874 2412 sumus,
922 2340 1009 2421 quod
1039 2338 1165 2422 integra
1197 2339 1290 2401 nobis
1320 2349 1367 2400 est
1388 2336 1472 2401 iudi-

124 2425 228 2531 *caudi
248 2437 413 2507 potestas:
441 2430 563 2504 neefl,
588 2440 622 2490 ut
645 2429 767 2505 omnia,
799 2451 881 2514 quae
903 2430 1102 2515 praescripta
1132 2443 1163 2495 et
1196 2432 1286 2520 quasi
1306 2433 1472 2514 imperata

1 2507 3 2594 ζ
89 2553 92 2557 ·
134 2521 246 2603 smt12,
270 2521 496 2598 defendamus,
520 2523 707 2587 necessitate
729 2524 793 2587 ulla
815 2523 975 2609 cogimur.
1022 2528 1104 2589 Nam
1127 2525 1227 2590 ceteri
1244 2525 1380 2608 primunt
1398 2537 1471 2588 ante

134 2623 284 2677 tenentur
317 2616 482 2693 adstricti,
521 2639 636 2702 quam,
674 2618 753 2701 quid
780 2630 864 2683 esset
893 2619 1067 2700 optimum,
1105 2620 1245 2684 iudicare
1270 2631 1471 2701 potueruutt

117 2707 250 2799 ,dende
278 2708 491 2776 infirmissimo
522 2724 668 2793 tempore
691 2711 802 2779 aetatis
825 2715 1046 2779 autobseeuti
1068 2714 1171 2778 amico
1194 2713 1379 2796 stipante,
1416 2723 1472 2774 aut

135 2829 1471 2863 ...m

116 2882 244 2936 ‘Ceteris
265 2885 295 2935 in
314 2882 424 2939 casibus
446 2902 522 2937 error
541 2884 623 2958 longe
643 2888 735 2937 rarion
751 2891 822 2948 erit3
842 2902 909 2939 nam
925 2904 959 2941 ne
979 2888 1109 2940 monachi
1130 2885 1239 2959 quidem
1261 2884 1471 2943 confundebant

117 2957 180 3008 'hie
201 2973 228 3010 et
247 2963 286 3024 is,
307 2957 374 3009 leaeo
394 2974 421 3012 et
442 2965 498 3024 eu,
519 2959 686 3025 disiectat,
716 2959 787 3011 hane
814 2976 841 3014 et
867 2981 944 3029 eam,
970 2979 1003 3014 ac
1029 2962 1144 3017 similia.
1181 2965 1285 3014 Verum
1308 2948 1472 3016 iamdudurh

134 3031 264 3086 viderunt
284 3038 313 3085 in
334 3034 412 3087 hisce
431 3040 574 3089 Manutius
596 3051 623 3088 ει
643 3035 930 3111 Lambinuspmagua
949 3043 1072 3092 nomina.
1244 3053 1247 3059 ’
1447 3062 1461 3070 ’·

213 3108 251 3183 (¹)
270 3122 309 3152 -··-
327 3127 384 3162 om.
402 3112 492 3163 solmu
511 3128 576 3165 oum
598 3109 668 3166 cod.
694 3112 759 3183 aliq.
779 3113 811 3166 B.
833 3111 925 3188 (prob.
946 3114 994 3181 D.)
1016 3114 1051 3169 G.
1073 3119 1099 3168 2.
1120 3112 1276 3167 liamshorn
1293 3113 1422 3165 Gramm.
1441 3128 1460 3184 p

135 3186 201 3244 555.
232 3182 296 3251 ,Sed
314 3186 396 3258 louge
417 3187 471 3241 alia
497 3192 569 3243 ratio
595 3202 636 3241 est
664 3187 808 3255 locorum,
827 3194 874 3260 qui
903 3190 1021 3264 exempli
1046 3204 1129 3243 eausa
1148 3189 1320 3254 afferuntur,
1340 3189 1388 3242 ubi
1409 3188 1472 3243 scil.

135 3275 201 3312 ante
217 3277 279 3314 voe.
299 3276 391 3334 negat.
405 3266 545 3316 omittitur
562 3281 619 3316 non
636 3279 693 3315 tam
709 3263 790 3315 modo
804 3265 847 3319 vel
859 3268 957 3330 solum,
970 3282 1053 3337 quam
1066 3283 1123 3316 non
1135 3265 1217 3317 morlo
1230 3283 1297 3330 non,
1312 3284 1369 3317 non
1381 3265 1471 3315 solum
1507 3296 1510 3303 -

135 3354 202 3388 non.
249 3337 339 3390 Attio.
369 3341 403 3401 6,
432 3345 459 3393 2.
485 3336 605 3390 hominis
624 3357 682 3388 uon
701 3357 818 3409 aeqrmm
837 3340 887 3415 (2
905 3360 961 3392 non
980 3341 1062 3392 modo
1082 3359 1139 3391 non
1163 3339 1294 3414 nepetam)
1315 3340 1366 3392 sed
1383 3345 1472 3390 etiam

135 3425 191 3464 cet.
212 3412 291 3477 (Ati.
312 3420 346 3481 5,
366 3418 411 3471 15.
437 3424 527 3465 metam
546 3415 692 3465 comtluam
711 3413 813 3487 deficit,
841 3417 892 3468 sed
908 3421 995 3469 etiam
1014 3414 1109 3487 obfuit
1127 3415 1212 3468 lectio
1226 3420 1340 3468 omniuo
1361 3432 1401 3468 est
1422 3413 1473 3466 du·

80 3492 85 3509 '
134 3485 191 3538 bia.
213 3487 248 3540 sl.
268 3508 326 3541 non
344 3489 426 3541 modo
451 3508 527 3544 cons.
545 3488 662 3561 defuit.)
682 3490 716 3540 de
735 3492 808 3543 Nat.
829 3493 870 3545 D.
898 3500 931 3557 2,
952 3495 976 3560 i.
999 3496 1062 3551 162.
1082 3508 1197 3565 propter
1216 3492 1383 3565 singularem
1403 3507 1472 3543 con-

134 3567 379 3632 struetionemis.
406 3569 753 3638 uengma)neotant1on,
779 3584 830 3619 nec
856 3568 955 3633 niodo,
981 3585 1035 3621 nec
1054 3568 1144 3620 solum
1162 3567 1258 3620 locum
1280 3566 1372 3621 habet.
1394 3567 1430 3620 H.
1450 3566 1471 3619 l.

134 3655 194 3688 non
212 3642 303 3693 solum
324 3646 402 3693 uiuis
421 3656 479 3706 est,
512 3658 569 3695 nou
591 3656 622 3695 ut
638 3640 728 3694 solent
749 3643 894 3709 homines,
927 3659 956 3697 et
975 3648 1030 3715 ipsi
1050 3649 1097 3697 isti
1114 3661 1223 3716 quoque
1243 3643 1367 3708 iaciunt,
1402 3646 1472 3695 vivis

135 3714 212 3782 (scil.
234 3718 334 3785 mihi),
367 3714 415 3770 sed
433 3714 507 3788 quod
527 3717 683 3771 inauditum
704 3732 763 3782 est,
796 3724 913 3771 mortuis
934 3725 1021 3773 ettam
1040 3712 1174 3773 invident.
1226 3719 1305 3771 Talia
1326 3738 1375 3791 per
1394 3710 1474 3770 eom-

133 3789 271 3861 pendium
291 3796 411 3864 scripta,
432 3809 448 3845 s
466 3791 716 3866 neglifflntioribus
734 3791 857 3848 librariis
878 3799 982 3849 omissa
1002 3812 1076 3849 sunt.
1099 3795 1137 3861 (²)
1157 3820 1195 3838 ι-
1210 3800 1261 3865 qui
1281 3798 1312 3848 B.
1331 3796 1367 3848 H.
1387 3793 1473 3861 (³)—

133 3872 195 3919 orit.
222 3867 278 3918 sibi
295 3870 328 3923 Β.
349 3870 384 3923 Η.
403 3897 441 3911 -
460 3868 514 3920 sibi
539 3874 611 3922 scirs
641 3866 692 3921 Cd.
718 3869 823 3923 Ursini.
848 3900 888 3912 -
915 3890 984 3941 quae
1009 3871 1143 3923 videntur
1172 3888 1227 3923 om.
1255 3875 1328 3921 scire
1356 3870 1411 3920 sihi
1438 3869 1472 3921 V.

136 3937 176 4012 (¹⁸)
197 3942 245 3995 Sic
267 3946 299 3998 B.
325 3945 359 3998 H.
386 3944 428 3998 Μ.
447 3944 481 3997 L.
500 3945 536 3998 D.
557 3946 593 3999 G.
613 3950 639 4000 2.
658 3973 696 3985 -
706 3941 814 4014 fissilis
840 3947 873 3999 V.
893 3944 975 4000 Grut.
997 3948 1023 4004 ί.
1046 3966 1049 3973 ⁴
1075 3944 1116 4019 (⁵)
1142 3972 1175 3987 ·-
1203 3964 1238 3997 ea
1262 3944 1372 4016 qtst'dem
1401 3942 1472 3999 Cdd.

134 4015 229 4076 multi.
252 4020 285 4074 Β.
305 4021 339 4073 H.
373 4017 439 4072 Scil.
465 4019 520 4073 hoc
547 4020 703 4073 membrum
722 4037 773 4093 pro
794 4018 909 4092 spodosi
929 4021 1079 4077 habebant.
1117 4019 1197 4074 Nihil
1216 4020 1401 4087 mutandum,
1420 4024 1474 4073 etsi
1549 4047 1552 4055 ·

137 4089 191 4145 G.:
212 4094 341 4160 „Malim
361 4113 411 4166 que
431 4099 461 4149 in
479 4094 585 4166 qtridam
604 4099 724 4160 mutari,
745 4110 773 4149 et
793 4097 875 4150 verba
897 4112 932 4149 ea
946 4098 1054 4169 qast‘dem
1074 4129 1093 4141 -
1113 4129 1131 4139 -
1150 4089 1240 4166 diffisi
1259 4102 1289 4150 in
1308 4095 1474 4170 parenthesi

135 4170 235 4239 poni.”
258 4169 306 4244 ·(⁶)
325 4185 362 4224 oo
381 4175 455 4222 inest
473 4171 505 4224 L.
534 4170 577 4223 Ει
595 4171 651 4229 hoo
675 4175 737 4243 ipso
757 4169 877 4227 fortasse
894 4192 971 4227 error
991 4177 1043 4227 iste
1058 4190 1092 4225 ea
1110 4172 1218 4243 quidem
1231 4183 1274 4224 est
1288 4177 1355 4225 oriri
1369 4177 1474 4245 potuit.
1569 4218 1573 4229 .

136 4242 177 4314 (⁷)
204 4248 252 4301 Sic
282 4248 319 4301 G.
345 4252 371 4300 2.
397 4275 435 4288 -
460 4250 548 4317 antiq.
574 4255 603 4298 et
629 4247 702 4300 doct.
731 4248 766 4302 B.
790 4249 825 4301 H.
850 4252 887 4303 V.
915 4249 951 4302 D.
972 4249 1041 4302 Lali.
1059 4261 1097 4291 '-
1115 4257 1143 4299 et
1168 4248 1241 4301 doct.
1267 4259 1296 4301 et
1314 4256 1375 4303 ant.
1392 4247 1426 4301 L.
1447 4254 1473 4304 1‘.

136 4323 176 4390 (⁸)
203 4322 251 4379 Sic
273 4320 366 4378 D.'s.
393 4323 428 4376 G·
455 4329 481 4378 2.
506 4336 545 4374 ω
570 4323 756 4394 relinquemus
784 4322 853 4378 Cdd.
879 4323 971 4378 multi.
997 4327 1030 4378 B.
1050 4325 1084 4378 H.
1106 4327 1136 4377 V.
1157 4324 1201 4379 M.
1222 4325 1253 4376 L.
1280 4322 1473 4378 Nihilobstat

135 4414 284 4473 praesens,
303 4395 376 4467 quod
397 4401 530 4467 sequitur.
568 4398 636 4463 Est,
656 4402 687 4452 tn
704 4398 757 4451 hac
773 4399 912 4454 lectione:
935 4417 1051 4471 „nequo
1071 4417 1122 4452 nos
1140 4414 1263 4469 unquam
1283 4397 1407 4455 studium
1428 4416 1476 4455 ex.

136 4472 266 4547 quirendl
285 4474 484 4544 relinquemus,
504 4489 594 4543 neque
609 4481 775 4546 praesentes
794 4490 821 4528 et
845 4473 954 4530 futurae
970 4490 1083 4531 nostrae
1100 4472 1302 4546 disputationes
1313 4471 1475 4546 pquidqusm

136 4549 213 4604 aliud
232 4548 352 4618 agunt.”
386 4547 428 4621 (9)
447 4577 484 4591 -
503 4548 620 4603 disemo
639 4559 668 4602 et
682 4549 822 4601 audierudo
841 4551 876 4605 H.
896 4555 930 4606 V.
949 4552 992 4605 M.
1014 4548 1186 4625 Grut.'(non
1205 4549 1252 4622 B.)
1279 4549 1329 4623 (¹⁰)
1348 4570 1386 4604 Ξ
1400 4554 1473 4601 scire

135 4645 167 4679 se
185 4627 218 4685 B.
239 4625 273 4679 H.
313 4623 367 4693 (¹¹)
385 4646 424 4683 =
441 4642 526 4695 neque
546 4628 577 4679 Β.
598 4624 633 4681 H.
652 4630 684 4682 L.
723 4625 775 4693 (¹²)
793 4654 832 4667 —
850 4646 921 4698 qrsae
929 4632 1125 4699 praescripta,
1145 4633 1174 4676 et
1193 4625 1306 4696 quibus,
1328 4623 1401 4691 (scil.
1415 4643 1476 4678 ver..

136 4701 195 4767 bis)
215 4709 245 4757 et
262 4704 344 4771 prensi
363 4705 383 4756 ι’.
403 4719 426 4755 s.
446 4718 461 4752 e
481 4705 538 4754 suis
558 4701 628 4755 Cdd.
649 4703 685 4757 G.
718 4701 793 4755 Mihi
820 4703 964 4773 siquibus
982 4703 1055 4754 uihil
1074 4698 1149 4755 aliod
1168 4698 1293 4766 videtur,
1324 4704 1380 4753 uisi
1401 4700 1475 4752 mnls

136 4774 346 4854 διιτογραφία
375 4796 399 4831 v.
419 4786 448 4828 et
466 4782 556 4847 qemi.
575 4806 613 4821 -
632 4786 661 4829 et
680 4777 777 4846 quibus
795 4783 875 4847 prensi
894 4779 926 4831 Β.
945 4771 983 4821 -“-
1002 4777 1039 4829 ab
1057 4775 1195 4847 aliqtubm
1214 4781 1245 4828 iu
1264 4777 1308 4830 his
1332 4776 1474 4832 erroribus

136 4851 225 4919 latere
256 4856 389 4924 opinatur
417 4853 482 4906 sch.
508 4858 559 4917 (-
584 4859 745 4925 perscripta
764 4854 833 4905 Vsu.
853 4854 887 4907 B·
909 4883 945 4895 -
962 4859 1043 4923 prasi
1061 4869 1190 4924 praescr.
1209 4860 1238 4902 et
1256 4857 1323 4924 Imp.
1342 4852 1385 4904 rel
1404 4871 1474 4923 suas

134 4932 295 4999 perscripta
322 4933 398 4993 sint,
424 4931 505 4999 quasi
522 4932 589 4998 imp.
618 4929 686 4983 Ern.
711 4932 846 5003 suspice.)
886 4929 938 4998 (¹³)
957 4930 1005 4982 Sic
1024 4931 1056 4980 L.
1077 4926 1141 4994 (cfr.
1161 4926 1195 4979 de
1215 4925 1300 4988 Orat,
1320 4934 1356 4997 2,
1385 4928 1409 4999 ᾖ.
1428 4933 1477 4992 38.

139 5003 270 5073 agricola
288 5008 427 5076 quispiam
445 5036 465 5047 -
483 5034 502 5046 -
518 5008 613 5074 pictor
632 5002 747 5076 aliquis)
766 5033 805 5048 -
823 5004 934 5057 crudam
953 5005 1062 5070 Ceteri,
1083 5008 1168 5063 etiam
1187 5002 1231 5061 M·
