3288 5490
200 352 256 470 ss
498 380 893 470 acinsmcnimu
913 398 1136 467 aaronem

201 548 304 624 esse¹,
336 545 454 612 eisdem
474 542 676 624 nominibus,
705 541 920 620 honoribus,
937 542 1034 607 rebus
1058 539 1175 627 gestis,
1205 539 1361 627 ingeniis,
1394 541 1533 621 formis,

121 695 124 699 J
200 641 377 719 aetatibus,
401 639 518 705 eisdem
539 640 579 711 de
600 639 697 701 rebus
720 633 942 720 disputantes?
964 647 1016 713 et,
1040 632 1068 699 si
1089 656 1190 713 nnnc,
1215 636 1318 699 anisi
1338 634 1433 700 etiam
1455 639 1553 701 dor-'

157 733 161 745 '
200 735 352 811 mientes¹,
378 734 497 818 aliquid
518 731 624 796 animo
647 729 756 794 videre
770 732 952 806 videamur,
976 729 1130 816 imagines
1146 728 1347 833 extrinsecus
1360 728 1393 791 in
1409 729 1534 797 animos

201 841 332 896 nostros
354 849 413 911 per
434 847 555 909 corpus
577 824 780 908 irrumpere?
803 826 857 887 'l'u
878 844 961 888 vero
981 823 1042 886 ista
1056 825 1118 887 ne2
1134 822 1308 896 asciveris,
1326 844 1416 889 'neve
1429 823 1534 887 fucris

14 904 21 923 .
89 954 92 958 “
201 921 540 1003 commenticiisrebus
556 940 715 995 assensus.
753 918 847 983 Nihil
864 917 1001 995 sentire,
1027 930 1074 982 est
1089 917 1217 994 melius,
1243 924 1415 1000 quamtarn
1430 937 1536 997 prava

201 1016 330 1082 sentire.
354 1007 414 1060 -’”
429 1015 504 1079 126.
527 1014 603 1079 Non
625 1033 706 1097 ergo
727 1010 762 1075 id
783 1013 909 1098 agitur,
936 1024 971 1075 ut
993 1011 1113 1098 aliquid
1133 1032 1263 1076 assensu
1285 1031 1358 1072 meo
1380 1031 1535 1092 compro-

115 1142 119 1149 ·
201 1113 292 1185 bema
327 1131 407 1194 quac
428 1111 497 1187 tu³,
521 1108 613 1184 vide,
637 1127 677 1170 ne
698 1105 899 1188 impudenter
920 1106 1017 1175 etiarn
1037 1107 1199 1190 postules,
1224 1127 1290 1170 non
1310 1104 1417 1167 solum
1438 1125 1536 1167 arro·

201 1216 335 1291 ganter3
357 1203 545 1287 praesertim
568 1220 666 1285 qnnm
686 1198 748 1263 ista
769 1213 822 1264 tua
844 1201 922 1265 mihi
944 1222 983 1289 ne
1005 1201 1186 1283 probabilia
1208 1200 1335 1284 quidem
1350 1198 1534 1261 videantur.

202 1301 273 1364 Nec
293 1298 375 1363 enirn
398 1296 645 1372 divinationem,
669 1316 764 1378 quarn
782 1294 949 1377 probatis,
973 1295 1071 1357 ullam
1093 1316 1162 1357 esse
1185 1293 1345 1365 arbitror3
1368 1292 1534 1374 satumque

200 1391 412 1468 inaceriam,
436 1413 502 1476 quo
524 1389 629 1456 omnia
651 1387 808 1452 contineri
830 1389 955 1465 dicitis,
986 1400 1171 1453 contemno.
1197 1389 1266 1450 ·Ne
1289 1384 1535 1449 exaedificatum

99 1536 104 1543 1
202 1485 327 1571 quidem
349 1488 434 1549 hunc
455 1486 604 1549 mundum
627 1479 736 1566 divino
759 1482 896 1547 consilio
926 1480 1094 1558 existim03
1131 1495 1227 1567 atque
1254 1482 1341 1544 haud
1365 1479 1458 1557 seio,
1493 1500 1536 1542 an

200 1579 246 1643 ita
267 1568 322 1645 sit}
1143 1570 1146 1577 ’
1492 1632 1499 1641 .

285 1671 383 1736 XLI.
407 1669 472 1735 Sed
493 1670 572 1734 cur⁴
589 1667 702 1754 rapior
721 1669 754 1733 in
778 1664 967 1735 invidiami'
977 1670 1093 1735 licetne
1113 1692 1174 1753 per
1195 1692 1257 1735 vos
1279 1669 1421 1744 nescire,
1444 1672 1537 1752 quod

200 1764 331 1830 nescio?
355 1786 393 1828 an
409 1752 526 1829 Stoicis
547 1763 625 1846 ipsis
646 1762 730 1827 iuter
751 1785 785 1827 se
809 1763 1005 1846 disceptare,
1029 1764 1129 1827 inihi⁵
1144 1785 1214 1826 curn
1233 1760 1303 1826 his⁶
1319 1787 1382 1828 non
1397 1764 1536 1828 licebit?

201 1858 345 1937 Zenoni,
377 1870 409 1922 et
430 1857 562 1940 reliquis
584 1857 653 1921 fere
676 1857 812 1936 Stoicis,
839 1859 965 1922 Aether
989 1859 1114 1922 videtur
1131 1880 1275 1943 ,suniarius
1298 1862 1394 1936 deus,
1427 1871 1536 1921 ruente

200 1955 383 2040 praeditus,
407 1974 470 2038 qua
493 1953 597 2017 omnia
618 1963 786 2037 regantur.
826 1951 1016 2031 Cleanthes,
1041 1953 1097 2038 qni
1112 1953 1202 2038 quasi
1218 1952 1373 2017 maiorum
1389 1965 1438 2017 est
1453 1974 1537 2038 gen·

201 2049 288 2112 tium⁴
301 2048 450 2124 Stoicus,
475 2047 617 2112 Zenonis
637 2048 786 2121 auditor,
812 2047 921 2111 Solem
945 2047 1101 2113 dominari
1123 2059 1154 2109 et
1175 2069 1283 2110 rorum
1306 2045 1406 2128 potiri
1427 2058 1536 2129 putat.

74 2189 81 2196 -
108 2202 114 2207 .
178 2144 181 2148 ’
202 2143 274 2208 Ita⁷
290 2142 437 2228 cogimur
452 2141 646 2205 dissensione
662 2143 857 2224 sapientum,
882 2142 1042 2205 dominnm
1057 2152 1200 2204 nostrum
1215 2141 1388 2226 ignorare3
1413 2139 1537 2224 quippe
1567 2180 1607 2227 .'·

187 2234 260 2322 ‘qui
280 2236 473 2314 nesciamus,
499 2234 589 2311 Soli,
613 2240 652 2298 tn
677 2237 813 2299 Aetheri
834 2236 1023 2300 serviamus.
1068 2235 1087 2271 ‘³
1111 2235 1196 2300 Solis
1219 2246 1322 2299 autem
1345 2234 1536 2320 magnitudo
1587 2278 1590 2283 >

203 2330 285 2419 (ipse
307 2330 390 2394 enim
411 2329 463 2392 hic
484 2328 623 2393 radiatus
646 2351 695 2417 rue
715 2329 834 2393 intueri
855 2332 999 2407 videtur,
1024 2353 1062 2394 ac
1082 2343 1211 2408 monet,
1236 2343 1270 2393 nt
1286 2332 1402 2394 crebro
1418 2329 1538 2394 faciam

169 2477 173 2501 ,
204 2418 395 2488 mentionem
417 2421 510 2503 suis)
533 2444 594 2487 ros
616 2444 695 2509 ergo
717 2424 810 2488 huius
833 2424 1099 2509 magnitudinem,
1132 2425 1222 2510 quasi
1243 2425 1435 2506 decempeda
1456 2444 1536 2505 per-

122 2546 124 2553 >
204 2511 316 2592 mensi:
335 2517 484 2581 refertis:
510 2517 665 2592 huicne,
687 2517 778 2601 quasi
796 2519 883 2582 malis
902 2519 1094 2596 architectis,
1116 2540 1281 2582 mensurae
1300 2529 1427 2583 vestrae
1446 2539 1535 2603 nego
1639 2536 1641 2601 j

119 2656 123 2665 ι
204 2614 349 2679 credere.
364 2643 406 2654 ··-
428 2611 504 2675 Hoc
523 2630 603 2696 ergo
624 2612 751 2676 dubium
772 2613 853 2688 est³,
876 2625 949 2676 uter
966 2615 1110 2676 nostritm
1131 2611 1189 2688 tit,
1214 2612 1347 2675 leniter⁹
1366 2623 1401 2676 ut
1415 2611 1534 2688 dicam,

169 2750 173 2753 Δ
205 2703 418 2768 verecundior
427 2708 434 2768 t
444 2717 485 2748 -'
502 2705 575 2769 127.
590 2706 732 2789 Neque¹⁰
742 2717 845 2771 tamen
857 2707 932 2770 istas
945 2707 1147 2791 quaestiones
1161 2705 1368 2788 physicorum
1381 2705 1537 2769 extermi-

204 2800 322 2861 nandas
334 2811 427 2881 puto.
451 2798 513 2861 Est
524 2797 604 2862 enirn
618 2800 791 2864 animorum
803 2801 1069 2887 ingeniorumque
1081 2802 1225 2863 naturale
1238 2802 1396 2884 quoddam
1408 2797 1535 2883 quasi¹¹

204 2890 374 2977 pabulum,
400 2893 615 2978 ‘consideratio
635 2897 926 2980 contemplatioque
945 2907 1088 2958 naturae.
1133 2893 1315 2979 Erigimur3
1346 2892 1536 2957 elatiores¹²
1640 2930 1641 2937 .

110 3036 112 3045 ,
205 2985 445 3063 fierividemur3
460 2989 595 3051 humana
607 2989 815 3071 despicimus}
832 2987 1010 3073 cogitantes
1017 2989 1042 3027 ¹³
1050 3009 1166 3070 supera
1175 3001 1270 3070 atque
1278 2987 1438 3065 caelestia,
1453 2989 1537 3051 haec
1640 3024 1641 3031 .

105 3070 119 3087 ⁸
205 3090 328 3157 nostra,
348 3093 383 3144 ut
402 3081 518 3166 exigua
531 3093 562 3144 et
574 3082 744 3159 minimam,
766 3082 1007 3148 contemnimus.
1038 3081 1212 3167 Indagatio
1227 3083 1296 3164 ipsa
1307 3103 1413 3144 rernm
1426 3091 1497 3143 tum
1507 3080 1536 3119 ¹⁵

283 3251 321 3320 (¹)
348 3236 386 3290 ἷ-
405 3269 464 3303 esse
482 3251 584 3304 eisdem
602 3270 617 3305 e
638 3251 708 3309 Cssd.
729 3253 764 3308 G.
785 3252 911 3309 sedenti
940 3253 1182 3323 „innumerabiles
1202 3259 1347 3319 exsistere,
1374 3250 1538 3331 ὑπάρχειν,

175 3342 182 3349 ’
207 3324 303 3384 eadem
322 3331 438 3380 nomina
457 3327 604 3382 habentes:
633 3345 706 3394 non,
724 3326 774 3400 qni
795 3348 890 3384 sensus
911 3349 953 3385 est
974 3335 1093 3404 perversi
1114 3330 1189 3384 illius
1210 3351 1235 3385 ν.
1255 3328 1376 3382 ordinis:
1405 3333 1539 3381 innume-

181 3401 309 3458 srsbiles
330 3401 425 3456 eadem
445 3402 546 3459 hebere
565 3409 680 3457 nomine
701 3420 755 3461 cet.
793 3407 889 3473 (1)-
908 3424 942 3458 ne
960 3412 1017 3460 ista
1036 3407 1078 3460 M.
1089 3408 1121 3459 1..
1159 3405 1197 3473 (³)
1216 3426 1240 3460 v.
1257 3404 1370 3478 Madvig
1383 3404 1405 3458 t.
1424 3423 1453 3478 p.
1469 3411 1564 3465 tatu

167 3524 168 3530 ,
208 3477 290 3552 (qnae
310 3486 356 3544 tn,
376 3478 437 3531 scil.
457 3478 647 3553 comprobas.)
665 3509 705 3526 -
723 3479 799 3553 qnod
814 3491 845 3533 tu
867 3485 899 3536 D.
920 3501 994 3555 susp.
1014 3498 1070 3535 non
1091 3498 1218 3554 recepta,
1237 3479 1314 3554 prob.
1332 3481 1399 3532 Ero.
1438 3479 1477 3550 (4)
1496 3509 1539 3524 ·-

207 3572 289 3626 quum
309 3553 344 3607 ti.
366 3555 397 3607 v,
447 3552 484 3622 (⁵)
512 3583 551 3599 -
570 3572 626 3608 om.
653 3555 721 3607 mett
746 3554 815 3611 edd.
836 3556 900 3628 aliq.
921 3558 953 3613 Β.
973 3559 1056 3615 inv.
1077 3557 1112 3612 D.
1160 3555 1198 3631 (⁶)
1227 3586 1265 3599 -
1284 3560 1319 3606 tn
1339 3556 1380 3610 M.
1403 3555 1435 3609 L.
1457 3551 1539 3613 tna.
1579 3547 1586 3567 ³

207 3629 246 3697 (⁷)
275 3629 321 3685 Sic
340 3625 408 3682 Cdd.
429 3629 494 3702 aliq.
513 3630 546 3682 V.
568 3632 602 3684 D.
622 3633 657 3684 G.
672 3637 697 3687 2.
717 3656 753 3673 ι·
770 3636 863 3705 itaque
883 3633 914 3687 B.
935 3634 969 3686 Η.
991 3633 1084 3692 M.L.
1099 3641 1125 3690 1.
1173 3633 1210 3699 (⁸)
1240 3631 1287 3684 sie
1307 3629 1371 3684 dedi
1390 3628 1451 3683 iere'
1468 3646 1558 3683 cum·

139 3756 152 3773 ‚
208 3701 510 3782 Madvigiol.p.188.
530 3734 566 3751 -·
586 3706 659 3758 Solis
677 3715 772 3758 autem
790 3709 955 3777 magnitudo
975 3706 1046 3783 (ipse
1064 3713 1136 3761 enirn
1155 3707 1198 3760 hic
1217 3702 1348 3758 radiatus
1367 3724 1408 3757 me
1428 3711 1537 3758 intueri
1640 3704 1641 3741 1

207 3777 340 3853 videtur)
359 3779 507 3844 admonet,
525 3789 569 3833 nt
586 3783 684 3835 crebro
701 3779 819 3853 faciam
836 3789 1003 3843 mentionem
1020 3789 1073 3837 sni.
1112 3784 1145 3838 V
1143 3796 1263 3853 os'ergo
1282 3781 1365 3832 hians
1382 3787 1538 3850 magnitu-
1640 3808 1641 3829 i

208 3852 301 3909 dinem
320 3859 400 3926 qrcasi
418 3854 597 3927 decempeda,
626 3857 690 3910 hinc
714 3855 807 3931 (enim
832 3858 935 3913 addunt
956 3860 997 3914 M.
1017 3860 1053 3914 D.
1075 3856 1120 3933 1.)
1147 3878 1204 3925 me,
1233 3863 1314 3931 quasi
1332 3857 1416 3908 malis
1434 3857 1537 3909 arclat-

208 3933 305 4004 ἱερεῖα,
334 3946 479 3982 mensurae
503 3941 619 3983 vestrae
643 3950 716 4001 nego
738 3932 789 3986 hoc
804 3941 945 4006 permensi
963 3932 1092 4007 refertis.
1130 3934 1211 4004 Ergo
1230 3933 1343 3985 credere
1362 3932 1476 3985 dubium
1494 3939 1541 3985 est

174 4034 179 4045 .
208 4005 241 4058 V.
260 4004 302 4057 M.
322 4005 356 4057 D.
378 4014 404 4063 1.
424 4021 452 4058 et
470 4012 567 4080 paucis
585 4013 699 4061 mutatis
720 4007 789 4063 Cdd.
809 4014 841 4064 B.
861 4012 895 4064 ii.
917 4014 998 4080 (haec
1017 4004 1116 4063 habet:
1136 4009 1198 4062 hiric
1218 4014 1320 4060 etenim
1338 4013 1420 4081 qraasi
1437 4027 1475 4062 m.
1495 4005 1539 4082 a.)

208 4079 268 4133 ism
293 4085 321 4132 in
347 4096 443 4133 nostra
465 4081 588 4135 lectione
615 4082 648 4136 da
674 4094 768 4136 monet
792 4101 833 4139 est
854 4103 868 4139 e
888 4088 919 4141 P.
939 4086 1020 4140 Fabri
1040 4083 1069 4142 C.
1108 4083 1326 4161 Transponenda
1352 4103 1377 4137 v.
1394 4088 1540 4156 permensi

135 4175 138 4183 ·
208 4150 265 4223 ref
293 4158 399 4229 primus
424 4155 494 4235 sidit
515 4159 668 4213 Manutius.
706 4160 768 4212 hnic
793 4158 898 4215 eCdd.
919 4164 948 4215 B.
969 4162 1005 4215 ii.
1034 4160 1108 4216 'Non
1133 4162 1222 4226 male,
1250 4160 1361 4212 urbane.
1380 4176 1472 4227 certe,
1501 4162 1539 4214 D.

209 4234 364 4302 suspicatus
386 4247 441 4285 est:
463 4247 500 4285 eo
519 4239 598 4305 quasi
616 4235 684 4286 mali
702 4236 858 4298 architecti.
896 4238 958 4288 Hoc
978 4252 1041 4290 ante
1062 4255 1132 4305 ergo
1154 4235 1268 4308 Madvig
1287 4234 1340 4288 del.
1361 4250 1474 4302 censet,
1495 4235 1539 4289 sel

207 4304 260 4377 leg.
281 4304 333 4359 liic.
360 4335 400 4348 -
416 4308 485 4359 solis
509 4317 605 4362 autem
629 4311 795 4380 magnitudo
813 4331 896 4384 qnam
916 4313 1035 4364 obscura
1054 4315 1116 4364 est!
1147 4312 1210 4384 Ipse
1237 4317 1310 4363 enim
1335 4309 1379 4362 liic
1405 4311 1539 4363 radiatus

161 4385 165 4392 '
207 4398 251 4432 me
269 4386 381 4432 intuens
397 4383 512 4434 videtin
531 4384 696 4453 admonere,
717 4397 748 4440 nt
766 4385 993 4458 crebro‘factam
1011 4393 1177 4440 mentionem
1196 4393 1247 4440 sni.
1287 4385 1320 4440 V
1318 4404 1350 4438 os
1366 4404 1436 4439 vero
1456 4385 1540 4438 linires

108 4502 119 4520 ,
186 4457 430 4531 magnitudinem
453 4464 533 4529 qimi
559 4459 722 4532 decempeda
743 4469 883 4535 permensi
907 4462 1034 4535 refertis.
1071 4456 1148 4514 vHuic
1178 4480 1322 4514 mensurae
1350 4470 1467 4513 vestrae
1494 4480 1539 4513 me

208 4536 288 4603 qnasi
305 4535 373 4584 mali
391 4537 455 4585 sitis
471 4534 635 4602 architecti,
662 4554 736 4607 nego
755 4557 808 4608 ego
829 4534 951 4593 cre'dere.
989 4537 1113 4593 Dubium
1131 4546 1175 4589 111
1194 4537 1226 4592 L·
1245 4536 1275 4594 Ε·
1298 4538 1379 4596 1566·
1402 4567 1437 4581 ··“
1458 4537 1494 4592 S?
1510 4555 1539 4589 α·

208 4624 244 4659 sn.
264 4604 297 4679 (i.
316 4626 340 4661 e.
359 4607 387 4661 h.
404 4626 432 4663 r.
452 4614 471 4663 i.
490 4610 615 4685 videtur)
635 4611 781 4680 admonet,
802 4622 834 4666 ut
852 4633 876 4667 e.
888 4612 922 4686 f.
942 4633 978 4669 m.
998 4618 1049 4667 seri.
1087 4614 1119 4668 V
1116 4631 1148 4665 os
1166 4631 1236 4682 ergo
1256 4607 1288 4665 hs
1303 4631 1355 4678 ''t-s
1376 4631 1401 4683 i·
1423 4612 1539 4664 dmm*

135 4733 139 4739 ,
205 4681 280 4752 peda
301 4690 457 4754 pennensi,
486 4683 622 4757 refertis:
653 4687 716 4739 hinc
738 4708 799 4756 me,
826 4709 852 4762 q.
872 4708 909 4743 m.
929 4708 973 4755 a,
1003 4708 1040 4742 m.
1059 4707 1087 4742 ν.
1108 4706 1181 4758 nego
1200 4688 1322 4749 credere·
1361 4688 1424 4739 11⁰⁶
1449 4704 1539 4757 “8⁰2
1578 4735 1583 4746 ι

208 4756 307 4824 credo,
329 4759 440 4811 dubium
459 4770 504 4812 est
522 4761 557 4816 G.
577 4761 606 4818 G.
625 4760 695 4817 ich.
716 4770 757 4832 2.,
779 4769 834 4818 nisi
854 4763 928 4837 qnod
947 4766 993 4818 hie
1013 4763 1058 4820 Cn
1084 4761 1219 4835 refertis:
1245 4782 1300 4833 ego
1319 4780 1370 4815 me.
1419 4760 1459 4838 (⁹)
1490 4763 1539 4816 810

208 4829 244 4885 θ’
264 4829 293 4886 Ε.
315 4841 340 4889 1·
361 4836 398 4889 G·
414 4841 443 4892 2·
470 4865 509 4878 -
527 4838 632 4888 leviten
654 4840 759 4893 Ceteri·
806 4838 856 4914 (10)
884 4862 923 4901 =
940 4859 991 4892 nec
1009 4841 1043 4894 V·
1092 4840 1144 4910 (11)
1171 4858 1210 4893 ..⁵⁸-
1228 4844 1309 4911 qiman¹
1328 4836 1466 4909 quoddam
1485 4834 1538 4893 Cd·

210 4902 283 4958 oud,
303 4909 335 4961 Β,
355 4908 390 4961 Η,
428 4911 480 4982 (12)
499 4939 535 4955 ...
554 4914 672 4964 altiores
691 4913 759 4971 C1d.
780 4915 872 4987 (prob.
888 4916 933 4983 L.)
952 4915 988 4969 D.
1002 4913 1071 4970 Lali.
1091 4944 1129 4960 -
1147 4916 1265 4967 latiores
1283 4912 1354 4967 Cdd.
1374 4913 1439 4985 sitq.
1452 4916 1488 4968 H.
1501 4916 1537 4966 V.

210 4977 261 5047 (Β)
280 4994 317 5032 ese
336 4988 545 5056 cogitantesque
557 4987 593 5044 Η.
605 4987 637 5042 V.
677 4988 725 5057 (ti)
739 4990 899 5043 -‘minnta
911 4992 943 5045 L.
958 5006 1031 5063 susp.
1049 5006 1106 5045 non
1120 5005 1240 5062 recepta.
1280 4986 1331 5056 (¹⁵)
1349 5010 1387 5047 =
1405 5007 1488 5061 91111111
1502 4989 1536 5075 Vs

1016 5136 1036 5173 qi.
