3226 5488
179 474 185 490 .
238 433 300 499 296
689 433 834 500 PETRI
856 433 1136 498 vaueu'flau

230 574 435 660 philosophia
459 598 606 663 magnum
628 598 744 643 nomen
767 587 833 655 est,
858 575 976 662 quilque
992 596 1087 641 verus
1109 595 1212 640 novae
1229 573 1420 641 Academiae
1438 585 1524 641 acuetur

230 671 384 734 hahetur:
419 694 513 756 quiam
543 672 623 736 enim
646 673 699 739 hic
722 670 971 755 philosophandi
994 670 1149 757 rationem
1166 669 1283 744 edixit,
1320 666 1391 732 e'am
1411 671 1525 755 plerique

170 797 176 803 ·
231 784 360 841 omnes,
383 764 439 849 qui
459 767 726 830 Academicorum
749 777 968 851 cognomento
991 762 1093 847 gavisi
1115 775 1208 838 suunt,
1241 773 1353 847 postea
1375 774 1526 837 tenuerunt,

190 924 197 935 ,
231 870 319 923 certe
340 871 451 923 tencre
476 872 508 924 et
538 861 628 946 seqlui
660 870 735 950 sunt
762 859 916 941 professi·
977 860 1086 940 Quare
1114 869 1146 920 et
1174 880 1234 922 nos
1264 860 1388 935 omnia,
1413 863 1528 943 quaeda

230 953 323 1016 huius
349 954 513 1036 disciplina
545 950 929 1037 invenire‘potuerimus,
962 953 1140 1036 colligere,
1172 965 1203 1015 et
1220 954 1251 1015 in
1280 953 1415 1016 medium
1438 957 1529 1017 attam

231 1045 428 1122 curabimus,
452 1069 511 1110 nee
532 1048 712 1133 diligentiae
734 1058 766 1110 et
786 1045 907 1110 laboris
932 1067 994 1129 pro
1017 1046 1138 1109 viribus
1161 1046 1252 1128 parci
1272 1047 1403 1110 erimus.

314 1141 422 1226 Igitur
449 1139 631 1205 Carneades
656 1138 707 1203 hic
730 1138 790 1220 (uti
822 1140 1002 1220 videbatur)
1035 1143 1074 1203 de
1096 1141 1263 1204 Arcesilae
1291 1141 1345 1203 illa
1376 1141 1530 1221 Pyrrhonis

230 1257 268 1298 ae
296 1233 398 1320 rigida
430 1218 603 1316 pertinacia
630 1234 821 1318 aliquantum
850 1233 959 1297 laxans
989 1244 1021 1296 et
1054 1233 1236 1311 remittens,
1274 1235 1416 1298 feramur
1446 1235 1530 1315 potins

231 1350 321 1392 more
350 1329 408 1409 (ait
432 1331 517 1411 apud
545 1327 741 1391 Eusebium¹
770 1328 959 1408 Numenius)
995 1339 1029 1391 ut
1059 1329 1159 1391 auctis
1187 1329 1309 1392 viribus
1340 1341 1375 1392 et
1401 1329 1531 1391 contentis

230 1421 343 1487 maiori
367 1422 485 1485 insultu
506 1432 539 1486 et
559 1421 680 1504 impetu
703 1420 901 1498 adoriretur,
931 1421 1157 1485 retrocessisse
1186 1423 1426 1485 existimandus.
1467 1424 1533 1486 Gra·

229 1516 304 1581 nior
340 1517 422 1580 enim
452 1528 484 1582 et
514 1506 698 1601 expugnatu
732 1514 890 1578 difficilior
920 1536 1013 1598 quiam
1046 1515 1209 1579 Arcesilas
1243 1515 1428 1580 Carneades
1452 1517 1531 1578 hostis

230 1610 418 1694 dogmaticis
452 1611 599 1675 omnihus
628 1607 877 1682 infensissimus,
913 1611 967 1671 sed
1004 1608 1177 1692 praecipue
1198 1610 1315 1674 Stoicis
1336 1611 1438 1674 suit..
1467 1613 1531 1674 Tota

229 1725 310 1769 uero
334 1705 401 1768 eius
424 1706 579 1768 sententia
599 1703 781 1767 huiusmodi
803 1700 902 1764 luisse
924 1704 1061 1766 videtur.

203 1817 208 1843 ¹
314 1798 456 1864 Primum
479 1798 604 1883 quidem
628 1807 714 1859 certe
739 1795 842 1859 omnia
872 1807 945 1858 suunt
970 1792 1207 1877 deordinata,
1229 1797 1261 1859 id
1284 1809 1351 1872 est,
1376 1798 1535 1879 incompre·

228 1893 414 1968 hensihilia,
454 1892 594 1975 nihilque
616 1902 663 1953 est
690 1886 783 1974 quot
798 1889 936 1980 percipi
969 1902 999 1950 c:
1022 1891 1250 1970 comprehendi
1274 1892 1392 1970 possit.
1436 1894 1535 1956 Verum

229 1987 292 2051 hoc
320 2004 383 2050 non
409 2007 517 2049 rerum
542 1985 682 2067 ipsarum
712 1982 826 2064 culpd;
867 2004 922 2044 sua
948 1983 1030 2045 enim
1056 1984 1142 2065 ipsae
1172 1986 1255 2063 apud
1281 2005 1315 2044 se
1338 1997 1452 2048 natura
1478 2004 1536 2046 con·

229 2092 333 2155 stant,
359 2092 393 2140 ut
415 2080 440 2142 si
464 2080 540 2163 ‹puid
566 2082 604 2141 de
629 2077 690 2139 illis
714 2077 888 2138 affirmetur
903 2087 958 2139 ant
972 2089 1125 2160 negetur,
1150 2078 1277 2138 effatum
1302 2091 1356 2140 aut
1381 2072 1483 2141 verum
1498 2087 1536 2138 aut

228 2174 343 2238 falsum
374 2173 552 2236 necessario
586 2171 644 2247 sit,
683 2192 700 2233 a
728 2184 820 2252 parte
853 2171 918 2245 rei,
956 2185 992 2233 ut
1017 2171 1121 2234 nostri
1151 2172 1340 2253 philosophi
1370 2174 1535 2257 loquuntur.
1564 2168 1567 2173 ’

229 2269 349 2330 Tamen
387 2266 564 2351 hominibus
591 2288 656 2329 non
689 2266 808 2350 obtigit
830 2265 964 2328 facultas
994 2261 1046 2326 vel
1077 2264 1128 2327 ars
1158 2265 1286 2348 aliqua,
1315 2287 1379 2348 qua
1403 2284 1536 2328 verume

227 2361 311 2425 falso
330 2362 509 2424 discernant
531 2372 562 2423 et
585 2360 757 2423 diiudicare
780 2360 918 2422 valeant.
952 2357 1115 2421 uSimiliter
1134 2370 1166 2421 et
1188 2363 1226 2420 de
1251 2359 1446 2439 phantasiis,
1468 2358 1536 2442 quod

228 2455 355 2543 quidem
388 2476 442 2518 res
472 2466 617 2536 spectat,
656 2474 788 2536 qurarum
815 2452 970 2553 imagines
1002 2463 1076 2514 stunt
1101 2464 1132 2513 et
1161 2472 1178 2512 a
1206 2452 1321 2536 quihus
1348 2453 1534 2538 ingeruntur,

194 2558 196 2561 ’
231 2551 283 2611 vel
300 2568 413 2622 verae,
439 2542 606 2611 vetsfatsae
629 2559 720 2620 suunt,
744 2567 886 2631 veraque
910 2518 1052 2608 anuntiant
1067 2556 1122 2607 aut
1143 2544 1349 2610 mentiuntur.
1395 2551 1441 2611 At
1461 2566 1536 2630 qutun

227 2662 284 2705 sua
305 2643 437 2706 veritas
432 2647 526 2750 apud
552 2665 605 2706 res
630 2642 717 2724 ipsas
748 2652 926 2714 remaneat,
949 2639 1101 2722 ipsaeque
1129 2640 1279 2702 immotae
1312 2653 1457 2721 perstent
1477 2641 1536 2719 (nou

228 2737 309 2802 enim
346 2758 399 2800 res
431 2738 551 2800 animos
587 2748 717 2800 nostros
743 2734 1023 2820 ingrediunturl'
1014 2732 1151 2796 immissa
1185 2743 1304 2795 tantum
1335 2736 1430 2796 nobis
1459 2755 1496 2795 en
1512 2749 1536 2792 se

226 2831 391 2914 phantasia
414 2842 509 2913 atque
535 2830 738 2894 similitudine
763 2830 919 2912 quisdam,
943 2847 1025 2910 quae
1049 2827 1262 2910 plerumque,
1287 2826 1332 2889 uti
1350 2829 1422 2890 unali
1446 2823 1534 2895 nuntii,

226 2925 351 2990 mentiri
366 2938 397 2988 et
422 2924 536 2995 fallere
561 2925 667 2999 solet,
690 2943 750 2985 nec
772 2931 848 2986 nota
871 2920 975 3005 aliqua
997 2920 1090 2983 nohis
1113 2931 1276 3000 comperta
1300 2920 1358 2996 sit,
1384 2944 1445 3004 qiua
1464 2938 1536 2982 cera·

228 3042 281 3083 ces
304 3042 323 3082 a
347 3018 546 3081 mendacibus
561 3015 740 3094 uisionihus
756 3014 1004 3098 distinguamus,
1030 3014 1148 3076 nullutn
1171 3017 1257 3096 apud
1275 3037 1334 3079 nos
1351 3016 1452 3078 visum
1466 3033 1534 3076 con·

226 3115 419 3197 prehensum
450 3132 519 3172 esse
548 3121 733 3190 potestant
760 3130 872 3195 rerum
890 3108 1004 3170 haberi
1028 3111 1141 3182 debet;
1179 3119 1288 3188 potest
1317 3120 1422 3171 tamen
1447 3125 1535 3169 vernn

228 3208 347 3282 videri,
372 3219 403 3269 et
425 3204 592 3288 probabile
606 3204 751 3267 iudicari.
781 3203 888 3283 „Quia
912 3202 1071 3282 probandi
1089 3201 1212 3283 species
1233 3214 1282 3264 est
1303 3203 1361 3282 (ait
1385 3199 1533 3276 Cicero²h

229 3301 426 3384 percipiendi
448 3300 572 3384 signum
595 3300 713 3361 nullutn
736 3296 928 3370 hahemus’',
952 3295 1069 3371 idest,
1094 3297 1191 3359 Nulla
1214 3296 1386 3377 praecipua
1411 3308 1481 3359 nota
1499 3292 1536 3353 in·

229 3396 338 3481 signes
362 3416 457 3458 verae
478 3393 662 3477 phantasiae
681 3394 802 3455 animos
818 3404 947 3454 uestros
962 3390 1204 3476 ingrediuntur,
1228 3403 1316 3452 ntea
1332 3392 1437 3452 statim
1457 3387 1533 3449 anim-

228 3493 380 3564 adversa,
411 3493 494 3552 haec
518 3509 601 3552 vera
620 3487 811 3571 phantasia
831 3498 905 3560 est,
938 3485 1042 3548 dicere
1064 3486 1236 3567 possimus.
1293 3490 1416 3548 'l'amen
1433 3483 1535 3564 aliquae

228 3583 412 3664 phantasiae
444 3584 487 3647 ita
520 3603 580 3646 nos
609 3591 831 3654 commovent,
869 3580 978 3664 itaque
1008 3601 1085 3665 erga
1110 3580 1180 3642 illas
1214 3580 1387 3656 afficimur,
1425 3589 1460 3641 ut
1481 3591 1534 3637 sese

230 3676 322 3739 nohis
347 3678 485 3758 probent
511 3698 548 3738 ac
575 3676 674 3760 magis
699 3695 794 3742 verae
817 3673 1006 3737 iudicentur.
1065 3674 1110 3737 lis
1144 3674 1391 3755 probabilibus,
1427 3670 1533 3755 quaudo

149 3810 151 3819 ι
228 3768 315 3831 veris
340 3780 372 3832 et
393 3770 553 3857 perceptis
577 3788 739 3844 caremus,
769 3767 800 3832 in
824 3769 1016 3830 traducenda
1039 3766 1104 3829 rita
1129 3767 1175 3829 nti
1198 3770 1390 3849 oportebat3
1414 3787 1453 3828 ne
1473 3757 1533 3824 nihil

228 3883 371 3947 agamus.
415 3865 468 3932 Ad
491 3866 623 3934 eundem
643 3863 735 3925 etiam
753 3865 880 3925 modum
902 3863 940 3923 de
963 3860 1146 3924 notionibus
1171 3860 1374 3943 decretisque
1398 3872 1428 3923 et
1451 3850 1531 3921 omni·

228 3958 305 4030 hus,
338 3978 419 4040 quae
441 3960 479 4019 de
503 3958 599 4024 rebus
624 3956 848 4038 intelliguntur
874 3967 927 4018 aut
952 3953 1172 4031 cauuntiantur,
1198 3966 1246 4017 est
1267 3957 1487 4024 statuendum,
1507 3955 1532 4008 ul

228 4049 306 4113 nihil
327 4051 443 4112 horum
465 4062 648 4131 perceptum
676 4060 729 4111 aust
752 4052 1036 4156 comprehensum,
1074 4050 1106 4112 id
1131 4061 1196 4124 est,
1220 4040 1293 4130 plus
1315 4070 1411 4132 quam
1432 4045 1531 4127 proha·

113 4148 116 4153 ’
227 4145 291 4206 bile
313 4143 523 4214 existimetur,
567 4146 658 4209 Haeo
680 4155 729 4206 est
743 4142 911 4215 universae
929 4142 1132 4211 Carneadeae
1155 4143 1328 4205 sententiae
1343 4140 1419 4203 satis
1441 4143 1529 4218 aperta

119 4304 124 4315 Α
169 4316 173 4320 η
227 4258 361 4310 summa,
406 4238 469 4304 Sed
490 4238 629 4308 iteranda
655 4240 763 4301 eadem
791 4236 850 4298 ista
872 4247 944 4298 suunt
966 4237 1129 4300 dialectice
1145 4237 1245 4320 magis
1268 4247 1300 4298 et
1321 4248 1354 4297 at
1375 4231 1528 4298 doctrinan
1560 4262 1561 4269 ι

228 4335 488 4400 accomodatiore
514 4330 657 4395 ratlone:
695 4331 789 4394 valde
822 4331 903 4393 enim
938 4330 1061 4412 percipi
1095 4329 1190 4394 velim
1219 4350 1290 4411 qua
1310 4329 1432 4393 ratione
1461 4319 1530 4386 nilril

224 4427 359 4509 percipi
382 4447 464 4489 nova
480 4429 652 4489 academia
672 4429 790 4507 probet
812 4446 850 4486 ac
864 4427 994 4489 decreto
1010 4436 1128 4488 utatur.
1176 4425 1240 4488 Res
1263 4427 1320 4485 sud
1338 4424 1447 4485 natura
1460 4423 1526 4486 sunt,
1580 4496 1581 4501 η

126 4579 130 4594 ,
159 4528 166 4541 “
228 4542 365 4604 suaque,
390 4530 425 4583 ut
448 4521 550 4596 aiurnt,
575 4519 710 4590 essentia
737 4531 903 4596 constant,
928 4541 987 4582 nec
1004 4541 1063 4601 per
1086 4541 1140 4581 eas
1158 4526 1220 4580 stat
1240 4538 1305 4600 quo
1327 4537 1427 4579 munus
1441 4528 1581 4595 pera
1580 4544 1581 4547 ι

228 4614 365 4694 piantur.
424 4614 486 4676 Sed
514 4613 694 4677 hominihus
723 4613 841 4677 nullum
867 4612 1028 4697 integritus
1050 4613 1201 4678 iudicium
1225 4625 1289 4676 aut
1286 4613 1445 4675 idoneum
1465 4599 1526 4668 iudi·

229 4706 318 4777 standi
341 4707 580 4782 instrumentum
604 4728 623 4771 a
645 4718 754 4773 natura
778 4719 828 4777 est
852 4728 1050 4778 concessum.
1094 4711 1171 4774 Non
1185 4707 1379 4795 phantasia,
1402 4696 1526 4790 quialels
1580 4742 1581 4813 p

235 4846 1581 4901 m--h-w--a--s-dl

305 4986 344 5060 (¹)
363 4989 491 5060 Praepar,
510 4988 613 5060 Euerg.
635 4989 665 5041 L.
689 4991 740 5056 th,
758 4996 786 5050 8·
806 5008 836 5063 p.
855 4998 918 5056 757.
956 4990 994 5066 (²)
1015 4998 1045 5046 in
1064 4952 1182 5049 bucello
1201 4993 1234 5047 C.
1254 4968 1318 5053 δι’
