3226 5488
34 2230 35 2307 i
152 2240 159 2247 ’
250 2263 365 2324 parum
391 2255 444 2304 aut
474 2241 552 2303 nihil
582 2240 729 2305 Philonis
757 2243 958 2307 sententiaa
992 2242 1160 2309 Carneade
1192 2243 1340 2321 discedit,
1384 2244 1435 2308 cui
1456 2255 1539 2316 enan,

1577 2070 1578 2079 ι

1482 2151 1488 2163 Ι

1485 2243 1491 2256 Ι

1492 2334 1516 2348 11

1532 2369 1541 2383 Ι

1513 2424 1540 2440 ιδ

34 2312 36 2367 3
150 2372 156 2383 -
247 2335 346 2400 immo
369 2347 401 2399 et
422 2334 588 2398 Arcesilae
611 2333 871 2420 Academicisque
894 2337 1058 2415 omnibus,
1090 2341 1128 2402 de
1149 2350 1310 2422 postrema
1331 2338 1391 2402 illa
1416 2338 1531 2400 delinrtu

255 411 318 479 au
475 393 479 405 '
689 414 834 483 resur
862 364 1168 484 uncturus

251 550 360 624 αὐτῶν
379 554 438 637 τῆς
458 554 591 643 ἐποχῆς,
612 550 708 624 οὐδὲν
726 562 787 644 μὲν
803 553 889 625 κατὰ
911 553 953 625 τὰ
973 553 1061 626 αὐτὰ
1079 558 1185 653 ἑαυτῷ
1201 554 1302 643 ἐνόει,
1321 556 1398 644 ἡδὲ
1420 562 1475 629 τῶν
1489 589 1532 631 nc·

249 643 416 737 θημάτων
437 645 540 716 αὐτὸν
561 645 775 761 ἀνέστρεφεν
786 647 941 764 ἐνάργεια
966 677 1000 721 τι
1031 659 1087 721 nal
1118 630 1288 769 ὁμολογία.
1336 653 1466 736 Πολλὴν
1491 654 1535 740 δῆτ’

251 742 330 832 ἔχων
352 739 414 824 ἤδη
439 740 500 825 τὴν
521 745 735 826 ducisducis,
745 740 1016 857 ὑπερεπτθύμει.
1040 735 1074 814 εὖ
1102 739 1237 815 oleum
1215 775 1269 816 οτι
1297 752 1362 816 τῶν
1383 747 1538 836 dispiciatur

252 841 379 924 τυχεῖν,
401 832 456 903 ἵνα
481 833 527 924 μὴ
552 833 656 905 idiunt
674 834 759 925 μετὰ
780 840 867 907 νῶτα
885 839 996 926 βαλὼν
1021 837 1122 920 αὐτὸς
1149 840 1229 909 ἑκὼν
1253 839 1408 936 φεύγειν,
1442 844 1538 922 idest,
1577 884 1578 891 ι

252 953 348 1015 quum
375 952 457 996 vero
478 942 510 994 et
530 942 654 1014 tempus
679 931 802 1038 lapsum
825 945 925 1011 esset,
959 935 1095 1021 ipsaque
1115 937 1243 1000 illorum
1273 938 1397 1018 epoche
1430 942 1538 1001 usude·

249 1026 326 1089 trita
346 1023 574 1101 obsolevisset,
610 1046 674 1090 non
695 1025 755 1088 iarn
775 1027 908 1108 amplius
931 1026 990 1091 sibi
1015 1031 1180 1092 constabat
1202 1031 1326 1110 (Philo)
1347 1051 1449 1113 neque
1466 1029 1539 1095 siuile

250 1117 326 1204 quid
347 1117 524 1200 (prioribus
544 1117 609 1182 suis
633 1118 784 1199 decretis)
809 1120 971 1203 sapiebatr
993 1123 1166 1207 torquebat
1180 1134 1284 1187 autem
1304 1145 1377 1187 eum
1403 1144 1458 1186 nec
1475 1124 1539 1207 quie·

237 1227 342 1278 tacere
364 1210 486 1277 sinebat
508 1211 707 1276 allectionem
736 1213 892 1279 evidentia
915 1225 948 1277 et
973 1214 1157 1280 concordia.
1217 1218 1309 1301 Ergo
1337 1238 1395 1279 sua
1419 1217 1482 1299 ipse
1499 1217 1539 1279 ian

251 1308 336 1392 apud
356 1326 390 1369 se
417 1304 608 1369 conscientia
639 1305 804 1370 convictus
829 1318 924 1392 atque
953 1310 1106 1386 edoctus,
1146 1311 1371 1387 vehementer,
1409 1324 1454 1373 sat
1473 1312 1538 1386 sein,
1577 1338 1578 1343 ¹

251 1399 417 1480 cupiebat,
441 1399 545 1484 quise
563 1399 806 1478 convincerent,
830 1399 993 1478 invenire,
1017 1423 1057 1465 ne
1082 1400 1247 1466 videretur
1263 1402 1398 1505 libens
1389 1426 1453 1488 ipse
1473 1417 1539 1490 terga
1577 1410 1578 1483 l

250 1506 379 1560 vertere
400 1505 432 1557 et
452 1495 577 1577 fugere.

333 1588 373 1653 ln
397 1586 504 1670 primo
527 1586 789 1653 Academicorum
810 1591 848 1652 ad
873 1588 1056 1655 Varronem
1078 1588 1164 1652 libro
1183 1587 1301 1655 Cicero
1325 1592 1471 1657 Philonis
1488 1614 1539 1676 par·

248 1690 297 1745 tes
310 1692 447 1765 egerat,
485 1681 565 1745 sicut
583 1682 694 1747 Varro
712 1682 942 1758 Antiochinas,
980 1693 1016 1745 nt
1043 1681 1071 1747 si
1092 1681 1218 1766 integer
1240 1683 1323 1746 liber
1343 1689 1384 1749 ad
1410 1709 1466 1751 nos
1488 1709 1539 1768 per·

249 1774 407 1850 venisset,
441 1794 507 1838 non
529 1787 611 1838 esset
632 1778 719 1858 qnod
741 1778 779 1840 de
800 1775 947 1840 Philonis
979 1775 1134 1838 sententia
1155 1775 1386 1844 dubitaremus.
1446 1781 1539 1842 Verun
1577 1844 1578 1865 ἶ

249 1874 300 1931 e'x'
314 1865 481 1932 Ciceronis
513 1867 657 1933 oratione
687 1868 881 1944 omniafere
903 1870 1141 1935 interciderunt.
1196 1870 1313 1934 Adbuc
1340 1884 1447 1935 tamen
1473 1871 1539 1935 edan
1577 1884 1578 1949 l

249 1960 284 2026 in
305 1963 445 2027 Lucullo
467 1984 533 2029 non
554 1963 684 2026 multum
707 1985 725 2026 a
754 1962 900 2027 Philonis
921 1985 1015 2027 sensu
1038 1961 1227 2028 Ciceronem
1247 1967 1402 2029 recedere
1425 1964 1540 2028 credide·
1577 1960 1578 2037 ᾗ

249 2056 328 2133 mm,
357 2067 486 2138 praeter
517 2055 551 2118 id
577 2054 819 2138 quodopinari
847 2076 912 2121 non
939 2057 1078 2138 probat,
1112 2059 1201 2141 quod
1221 2059 1379 2139 probasse
1401 2056 1540 2125 Philonen

247 2148 330 2212 citra
346 2149 601 2213 controversiam
630 2160 690 2210 est.
735 2150 881 2233 Namque
909 2152 996 2233 quod
1026 2152 1066 2213 ad
1092 2152 1409 2233 comprehensionem
1439 2160 1539 2224 attinet,

248 2429 299 2493 nis
320 2439 411 2510 parte
432 2439 499 2493 tota
521 2428 672 2490 aduersus
695 2429 823 2493 Stoicos
844 2431 1067 2495 controversia
1087 2432 1161 2496 ferit.
1215 2432 1382 2497 Immerito
1406 2443 1497 2494 auten
1511 2428 1541 2490 ll

249 2521 444 2588 mendacium
475 2520 585 2600 obiici,
608 2520 725 2586 Cicero
753 2522 821 2585 istis
850 2545 891 2588 ex
912 2525 1052 2590 Lucullo
1077 2524 1184 2589 verbis
1206 2524 1410 2589 subindicare
1430 2525 1540 2589 fortasse

178 2634 184 2639 “
226 2684 236 2707 χ
250 2616 414 2682 videatur:
430 2616 511 2690 „Sed
517 2625 553 2678 ut
568 2614 811 2701 omnes(inquit)
820 2616 899 2682 istos
911 2619 1037 2683 aculeos
1049 2631 1080 2683 et
1089 2621 1151 2682 hoc
1162 2632 1265 2685 totum
1275 2629 1457 2683 tortuosum
1469 2634 1541 2701 genus

249 2710 428 2794 disputandi
448 2709 682 2796 relinquamus,
720 2713 983 2796 ostendamusque
1011 2713 1068 2797 qui
1089 2712 1204 2777 simunt
1237 2712 1298 2777 iam
1320 2713 1477 2796 explicata
1494 2718 1540 2770 tou

250 2803 423 2871 Carneadis
445 2803 617 2880 sententia,
641 2803 796 2869 Antiochi
815 2804 875 2868 ista
897 2817 1051 2871 corruent
1071 2807 1233 2872 universa.
1277 2808 1347 2871 Nec
1371 2826 1452 2870 vero
1473 2802 1540 2887 quid-

250 2921 344 2985 quam
379 2899 424 2963 ita
456 2898 576 2975 dicam,
614 2909 650 2962 ut
685 2898 852 2986 quisquam
885 2897 919 2962 id
956 2899 1036 2986 fingi
1077 2900 1327 2983 suspicetur,a
1307 2896 1540 3001 aClitomaehe

253 3012 373 3057 sumam
397 2990 482 3057 cet.”

333 3085 439 3172 Igitur
458 3097 495 3150 ut
515 3084 693 3165 videtur,
683 3109 714 3150 ιιι
735 3085 846 3151 verbis
866 3087 969 3151 solum
991 3085 1088 3151 Philo
1111 3108 1128 3150 a
1155 3054 1320 3151 Carneade
1341 3085 1538 3155 dissentiebat,

131 3196 135 3209 ’
248 3178 277 3246 ei
297 3179 422 3264 quidem
443 3191 597 3296 percepta
618 3191 651 3243 et
672 3179 803 3265 cognita
825 3183 960 3245 vocabat
981 3180 1051 3256 illa,
1089 3200 1172 3264 quae
1194 3178 1378 3244 Carneades
1401 3181 1495 3260 δῆλα,
1519 3175 1540 3236 il

247 3285 314 3350 est,
345 3285 447 3354 certa,
480 3286 511 3338 et
535 3273 671 3360 ἐναργῆ,
700 3275 732 3337 id
754 3286 820 3352 est,
854 3274 1033 3357 perspicua.
1086 3273 1177 3353 erae
1198 3273 1282 3336 ratio
1306 3275 1345 3335 ad
1367 3270 1539 3354 posteriores

216 3386 218 3392 ·
248 3368 342 3431 etiam
371 3366 582 3433 Academicos
615 3389 815 3450 permanasse
850 3367 987 3431 videtur.
1056 3368 1203 3450 Namque
1236 3368 1400 3430 Calenus¹
1435 3362 1537 3433 scribit,

248 3462 468 3528 Phanorinum
491 3461 715 3527 Academicum
737 3461 769 3526 in
785 3463 921 3546 quodam
943 3459 1029 3524 libro
1043 3459 1274 3528 cuiAleibiadi
1296 3482 1412 3524 nomen
1435 3455 1537 3526 secent.

248 3555 435 3639 scripsisse,
459 3555 635 3620 Probabile
655 3553 716 3617 sibi
739 3554 860 3629 videri,
884 3554 962 3617 nibil
983 3555 1229 3637 comprehendi:
1254 3556 1286 3617 in
1308 3554 1372 3617 alio
1389 3550 1539 3617 veroeius·

249 3650 319 3711 dem
353 3649 514 3713 volumine
543 3651 750 3714 Plutarchus
779 3647 951 3730 inscripto,
982 3647 1176 3712 concessisse
1198 3647 1318 3723 videri,
1358 3669 1430 3712 esse
1450 3642 1539 3728 aliquid

247 3743 338 3826 quod
368 3745 667 3825 comprehendatur.
728 3742 825 3822 Quod
852 3764 914 3826 qua
944 3740 1148 3823 exposuimus
1178 3741 1300 3805 ratione
1330 3763 1347 3803 a
1378 3737 1537 3805 Phanoriro

190 3837 197 3845 ’
248 3857 454 3914 concessum,
488 3845 536 3900 est
556 3836 806 3920 intelligendum.
850 3834 1017 3900 Philonem
1045 3833 1125 3897 enim
1149 3836 1354 3900 Phanorinus
1378 3831 1536 3899 omnimode

247 3942 376 3995 secutus
398 3930 535 4003 videtur.
578 3930 758 3994 Accusatur
780 3950 913 4012 namque
932 3928 963 3991 in
985 3928 1095 3990 eodem
1112 3927 1226 3995 Caleni
1240 3928 1345 4003 libro,
1370 3931 1455 4011 quod
1469 3939 1537 4008 quun

247 4023 461 4089 Academicus
482 4023 592 4087 haberi
615 4022 710 4100 velit,
746 4023 948 4107 antiquorum
977 3998 1338 4103 epochefieperuerit
1397 4023 1455 4085 Est
1481 4031 1536 4080 vert

249 4119 344 4181 haec
357 4117 503 4181 universa
530 4115 677 4183 Philonis
706 4115 814 4181 ratio·
859 4116 993 4198 Epoche
1015 4134 1081 4177 nen
1111 4114 1159 4178 uti
1185 4137 1245 4179 nec
1272 4117 1313 4178 ab
1338 4113 1482 4197 opinione
1501 4125 1536 4167 ct

248 4233 346 4287 vere3
381 4213 597 4297 quaedamque
625 4222 775 4294 percepta
798 4220 829 4274 et
850 4206 978 4294 cognita
999 4218 1135 4290 putare,
1160 4212 1300 4273 sednon
1323 4229 1360 4272 ea
1384 4194 1536 4293 quaStoiti

249 4303 388 4370 ratione.

335 4396 484 4464 Philonis
506 4395 632 4461 nuditer
654 4394 833 4461 Antiochus
863 4392 1052 4460 Ascalonita
1074 4416 1171 4480 quum
1193 4397 1293 4461 multo
1314 4408 1455 4477 ternpore
1474 4389 1535 4452 Act·

249 4491 385 4554 demiam
405 4489 591 4556 incoluisset
613 4503 649 4553 et
667 4490 891 4565 defendisset&
915 4487 1074 4552 demum
1053 4510 1091 4551 us
1114 4489 1226 4553 castris
1242 4488 1392 4564 desertis,
1416 4475 1534 4549 siverri-

249 4584 372 4648 dentiae
403 4596 435 4647 et
465 4582 700 4667 perspicuitatis
729 4604 939 4669 sensuumque
974 4583 1161 4648 testimonio
1194 4584 1345 4647 adductus
1377 4603 1413 4643 ac
1441 4577 1533 4640 flexu.

251 4699 309 4741 seu
342 4677 525 4743 ambitionis
554 4678 662 4761 potius
691 4678 797 4742 studio
825 4688 858 4741 et
893 4673 1098 4742 contentione
1130 4679 1282 4741 adversus
1314 4667 1490 4739 Clitomachi
1514 4667 1534 4720 tl

253 4769 398 4837 Philonis
426 4770 597 4835 familiares
626 4781 712 4833 actus
743 4772 782 4832 ad
815 4771 924 4834 Stoam
957 4790 1026 4836 sese
1056 4769 1227 4834 transtulit.
1287 4770 1364 4834 Non
1396 4787 1446 4850 qur
1438 4761 1532 4822 sun

252 4881 1531 4929 «ud—mm

320 4977 368 5044 (¹)
385 4979 428 5032 De
448 4983 554 5052 optimo
574 4975 693 5032 docendi
712 4994 820 5051 genere.
840 4995 868 5050 p.
887 4981 955 5043 d97.
991 4977 1031 5053 (²)
1049 4978 1192 5035 Plutarch.
1211 4982 1242 5032 in
1261 4978 1323 5034 Cis.

1576 2527 1578 2587 l
