3288 5490
228 406 271 474 rs
450 405 514 474 nn
537 404 722 473 smnus
745 366 981 472 cononem
1002 404 1065 470 nr
1086 403 1333 472 urrunnu

313 549 465 625 fodere,
488 555 552 611 arti
571 564 695 624 crare,
718 557 782 613 cut
800 546 935 634 aliquid
943 544 1080 640 fine*
1101 548 1266 634 daniquet

227 676 270 694 -
291 667 358 710 non
379 644 461 707 enlm
492 642 581 706 illum
608 646 650 705 ab
676 640 854 716 industria,
888 643 945 705 sed
967 645 1008 705 ab
1029 638 1178 706 illiberali
1199 643 1311 707 labore
1333 644 1498 709 deterret:
1519 677 1558 690 -

206 743 274 827 ,sic
294 741 349 804 isti
370 737 508 814 curiosi,
530 758 616 823 qnos
639 737 773 802 offendit
793 747 906 800 noster
928 735 1056 800 minime
1076 736 1171 801 nobis
1192 737 1380 802 iniucundus
1401 740 1513 804 labor.

313 835 361 900 ΙΙ.
386 834 418 896 d.
442 833 524 896 His²
544 830 645 917 igitur
666 843 714 894 cst
735 830 892 894 difficilius
913 830 1116 907 satisfacere,
1146 831 1202 916 qui
1217 842 1258 895 ‘se
1279 832 1418 895 Latina³
1440 833 1560 917 scripta

230 930 340 994 dierunt
362 939 581 992 contemnere.
624 920 662 991 Iti
683 926 798 1009 quibus
819 928 885 992 boe
902 924 1040 1007 primurn
1064 937 1130 1003 est,
1154 926 1186 989 in
1207 947 1274 1011 quo
1296 927 1478 989 admirer⁴t
1505 948 1560 991 cur

57 1019 61 1035 ‘
177 1032 179 1037 ’
226 1025 258 1088 in
282 1022 477 1109 gravissimis
498 1024 595 1085 rebus
617 1042 682 1085 non
697 1020 833 1084 delectet
847 1038 903 1081 eos
917 1017 1040 1109 patrius
1056 1038 1181 1095 sermo,
1205 1042 1303 1104 quum
1317 1020 1411 1083 iidetn
1426 1013 1559 1086 fabellas

227 1119 359 1183 Latinas
377 1121 421 1180 ved
442 1118 575 1180 verbum
598 1118 637 1178 de
658 1111 792 1179 Graecis
817 1130 986 1207 expreqsas
1009 1133 1073 1176 non
1095 1112 1188 1176 inviti
1208 1113 1329 1198 legant.
1375 1115 1456 1196 Quis
1481 1119 1561 1181 euim

226 1224 291 1276 tam
314 1210 457 1277 inimicus
479 1230 581 1292 paene
603 1207 724 1273 nomini
746 1208 896 1271 Romano
919 1219 984 1284 est,
1019 1208 1075 1293 qni
1096 1207 1192 1272 Ennii
1214 1210 1381 1284 Medeam,
1413 1221 1470 1273 aut
1492 1211 1560 1274 An-

226 1307 349 1388 tiopam
370 1303 507 1370 Pacuvii
528 1314 678 1386 spernat,
715 1313 771 1365 ant
796 1300 935 1376 reiiciat3
974 1301 1047 1387 qui⁶
1070 1322 1104 1366 se
1125 1303 1235 1367 iisdem
1257 1301 1421 1384 Euripidis
1443 1303 1561 1368 fabulis

228 1397 380 1462 delectari
395 1397 496 1477 dieat,
520 1395 653 1459 Latinas
677 1395 849 1477 [literes5]
872 1395 1000 1461 oderit?
1024 1397 1234 1478 Synephebos
1249 1400 1330 1482 ego,
1354 1396 1476 1480 iuquit,
1501 1420 1561 1480 po·

226 1493 291 1557 tius
314 1490 465 1568 Caecilii,
491 1501 545 1552 aut
567 1489 723 1554 Andriam
747 1489 909 1565 Terentii,
935 1511 1028 1575 quam
1051 1503 1217 1575 utramque
1239 1492 1409 1554 Menandri
1431 1491 1562 1576 legam?

215 1589 261 1652 ¹d.
285 1585 456 1671 Aqttibus
472 1585 557 1649 tam⁷
577 1582 748 1660 dissentio,
771 1595 827 1660 ut,
852 1604 957 1667 quum
972 1585 1155 1667 Sophocles
1177 1585 1230 1648 vel
1252 1585 1376 1667 optime
1393 1584 1563 1667 scripserit

225 1682 407 1757 Electram,
431 1690 535 1741 tamen
556 1677 639 1740 male
660 1697 851 1743 conversam
869 1677 975 1742 Attilii
998 1678 1073 1757 mihi
1090 1678 1255 1764 legendam
1277 1680 1406 1761 put'euit
1431 1681 1471 1743 de
1497 1700 1562 1766 qno

225 1773 370 1841 Licinius
379 1775 404 1849 ⁸,
417 1770 589 1864 ferreum
605 1771 836 1854 scriptorem:
855 1791 986 1848 verum,
1010 1773 1150 1855 opinor„
1164 1771 1358 1857 scriptorem
1371 1784 1507 1849 tamen,
1530 1785 1563 1837 nt

223 1868 378 1953 legendus
393 1867 466 1930 siti.
491 1867 617 1931 Rudent
633 1862 716 1928 enim
730 1884 800 1928 esse
816 1864 1020 1931 omnino¹⁰iu
1030 1866 1273 1950 nosnispoetis,
1284 1880 1337 1932 aut
1348 1866 1563 1935 inertissimae

225 1961 380 2046 segnitiae
404 1971 471 2037 est,
496 1972 550 2023 ant
571 1958 689 2022 fastidii
713 1959 939 2023 delicatissimi.
983 1960 1071 2026 Mihi
1091 1961 1219 2047 quidem
1240 1962 1319 2028 nulli
1341 1959 1418 2025 satis
1441 1961 1564 2027 eruditi

224 2056 393 2130 videntur,
419 2055 533 2139 quibus
556 2065 667 2120 nostra
688 2052 800 2138 ignota
820 2056 945 2119 suut¹¹.
988 2056 1090 2133 AnV,

312 2150 452 2214 Utinam
473 2167 516 2212 nc
537 2148 574 2212 in
596 2169 736 2212 nemore
757 2179 800 2195 -··
821 2183 864 2195 -
885 2178 927 2192 -
1181 2212 1183 2219 χ

201 2242 429 2312 .nibilomiuus
458 2241 614 2327 legimus,
650 2262 745 2327 quam
772 2243 838 2306 hoe
863 2240 944 2306 idern
968 2244 1148 2309 Graecum:
1184 2265 1266 2333 qnae
1288 2255 1394 2311 autent
1415 2248 1457 2311 de
1480 2249 1563 2313 bene

225 2341 380 2421 beateque
402 2334 544 2400 vivendo
564 2357 581 2399 a
600 2336 738 2399 Platone
761 2335 918 2419 disputata
941 2349 1033 2416 sunt,
1056 2339 1137 2405 baec
1157 2339 1312 2421 explicari
1332 2361 1398 2405 non
1418 2342 1563 2424 placebit

225 2430 368 2505 Latine?
401 2429 433 2493 6.
458 2430 554 2511 Quod
570 2428 595 2491 si
611 2450 671 2493 nos
687 2450 751 2493 non
766 2430 974 2514 interpretum
995 2433 1157 2518 fungimur
1181 2455 1329 2509 munere,
1354 2438 1411 2498 sed
1432 2425 1563 2501 tuemur

227 2546 284 2601 ea,
309 2535 389 2609 quae
411 2521 493 2587 dicta
515 2534 589 2586 sunt
610 2524 655 2589 ab
672 2521 758 2601 5⁸¹³,
790 2545 871 2608 quos
894 2527 1087 2608 probamus,
1111 2527 1219 2612 eisque
1241 2539 1385 2593 nostrum
1407 2527 1563 2593 iudicium

175 2615 179 2624 ’
227 2629 260 2685 et
282 2629 424 2683 nostrum
447 2614 608 2683 scribendi
629 2615 773 2681 ordinem
789 2617 1007 2704 adiungimus:
1031 2620 1108 2704 quid
1122 2623 1260 2698 habent,
1285 2644 1343 2689 eur
1359 2624 1490 2687 Graeca
1507 2645 1563 2686 an·

189 2720 190 2723 ’
225 2723 382 2795 teponant
403 2710 489 2786 iisV,
522 2720 604 2794 quae
626 2722 658 2774 ct
679 2710 842 2793 splendide
865 2713 947 2777 dicta
974 2714 1037 2778 sint
1047 2716 1084 2792 ¹⁵,
1120 2736 1224 2802 neque
1254 2716 1318 2783 sint
1339 2738 1502 2781 conversa
1524 2719 1563 2780 de

227 2803 387 2883 Graecis?
428 2807 511 2869 Nam
534 2804 561 2868 si
583 2803 688 2869 dicent
698 2804 738 2883 ¹⁶,
773 2807 814 2868 ab
836 2805 897 2870 illis
919 2809 976 2871 has
998 2830 1051 2873 res
1073 2830 1142 2873 esse
1151 2811 1177 2850 ¹⁷
1199 2822 1371 2873 tractatas:
1407 2832 1449 2874 ne
1470 2811 1563 2893 ipsos

225 2900 353 2985 quidem
369 2901 515 2964 Graecos
539 2911 605 2975 est,
630 2920 688 2963 cur
702 2910 765 2963 mm
783 2900 900 2965 multos
914 2901 1039 2985 legant,
1064 2925 1160 2990 quam
1173 2905 1300 2990 legendi
1314 2915 1388 2968 sunt
1397 2904 1437 2967 11.
1474 2905 1563 2984 Quid

226 2994 317 3058 cuim
332 2993 448 3057 est1⁹a
466 2991 652 3075 Chrysippo
674 2993 931 3075 praetermissum
954 2995 987 3060 in
1009 2998 1151 3063 Stoicis?
1179 3000 1334 3083 Legimus
1355 3010 1460 3062 tamen
1476 2999 1560 3063 Dio·

181 3120 187 3129 ,
227 3108 361 3173 genem,
386 3087 609 3170 Antipatrum,
635 3088 884 3167 Mnesarcbum,
908 3091 1143 3168 Panaetiumtt,
1171 3093 1288 3157 multos
1311 3091 1413 3167 alios,
1436 3092 1469 3155 in
1493 3092 1561 3176 pri-

199 3264 202 3267 .
224 3182 349 3265 suisque
368 3179 556 3244 familiarem
578 3189 723 3252 nostrtun
741 3181 962 3268 Posidonium.
1007 3185 1117 3266 Quid?
1140 3188 1385 3270 Theophrastus
1393 3187 1420 3227 11
1436 3185 1561 3251 medic-

224 3275 363 3338 eriterne
386 3275 539 3351 delectat,
566 3294 662 3359 quum
677 3284 795 3337 tractat
808 3277 899 3343 locos
915 3281 955 3342 ab
970 3279 1149 3344 Aristotele
1168 3291 1241 3344 ante
1255 3277 1437 3344 tractatos?
1460 3278 1562 3366 quid?

115 3354 122 3453 J
223 3366 382 3452 Epicurei
401 3389 476 3430 num
499 3367 652 3432 desistunt
673 3370 714 3431 de
735 3368 853 3433 eisdem
861 3372 900 3450 ²²,
924 3373 1100 3456 dequibus
1122 3385 1154 3436 et
1176 3375 1216 3436 ab
1233 3373 1381 3456 Epicuro
1403 3373 1561 3456 scripturn

153 3524 155 3536 ,
224 3474 291 3541 est,
317 3476 349 3527 et
371 3465 410 3527 ab
432 3461 591 3549 antiquis,
616 3464 656 3525 nd
677 3461 845 3549 arbitrium
859 3465 1131 3535 snumscribere?
1154 3467 1292 3549 Quodsi
1311 3467 1429 3532 Graeci
1443 3468 1562 3554 legun·

223 3567 278 3621 tur
304 3580 322 3620 a
345 3556 499 3633 Graecis,
513 3588 518 3597 s
533 3556 644 3621 iisdem
674 3558 714 3619 de
742 3559 839 3620 rebus
867 3558 929 3621 alia
957 3558 1082 3625 ratione
1111 3561 1297 3643 compositis
1305 3562 1354 3636 ²³3
1390 3560 1469 3646 quid
1499 3573 1562 3639 est,

117 3724 120 3733 ¹
223 3671 283 3715 cur
304 3649 409 3715 nostri
430 3669 449 3714 a
471 3650 591 3725 nostris
614 3671 680 3715 non
702 3648 874 3735 legantur?
1621 3741 1623 3744 Α

224 3857 320 3934 (1)-
331 3867 391 3924 cst,
411 3860 486 3931 quod
503 3858 625 3911 demirer
643 3856 677 3913 L.
695 3886 735 3902 -
752 3865 811 3924 est,
830 3859 906 3929 quod
922 3861 1047 3915 admirer
1066 3861 1121 3916 Tb.
1135 3862 1254 3917 Bentleii
1268 3878 1343 3936 susp.
1382 3862 1420 3930 (⁵)
1441 3862 1480 3907 4-
1493 3869 1560 3937 qui-

223 3953 274 4007 que
294 3933 345 3989 cd.
364 3935 409 3991 El.
428 3935 507 4009 prob.
527 3934 563 3986 D.
590 3961 630 3977 -
648 3951 730 4005 quum
754 3934 820 3988 Ern.
842 3951 916 4008 susp.
942 3935 1022 4009 prob.
1042 3936 1124 3991 Gens.
1144 3928 1270 3991 Heidelb'.
1286 3928 1337 3980 ‘—
1356 3938 1465 4009 quode
1487 3938 1559 3994 Cdd.

167 4024 169 4027 ·
223 4009 290 4082 aliq.
309 4007 432 4063 familiae
452 4009 597 4077 deterioris
618 4008 654 4062 G.
667 4016 702 4065 2.
728 4008 893 4063 Rectissime
914 4027 943 4063 se
963 4010 1046 4064 habet
1065 4011 1190 4082 gradatio
1210 4017 1263 4066 ista
1283 4012 1420 4087 vulgatae.
1462 4013 1502 4082 (1)
1522 4004 1562 4055 -’

222 4086 323 4137 literas
342 4084 407 4140 Gnl.
427 4100 455 4139 ct
475 4089 521 4141 Dr.
542 4082 596 4137 del.
615 4082 760 4137 uiderunt.
800 4083 871 4137 Cum
897 4084 944 4142 Br.
969 4096 1019 4159 ego
1046 4085 1091 4159 [J.
1119 4113 1154 4130 ·-
1174 4104 1230 4141 om.
1256 4107 1281 4141 v.
1310 4088 1432 4156 Latinos
1457 4084 1560 4141 'literis

126 4230 132 4234 Α
163 4144 174 4215 l,
206 4160 316 4213 oderit
337 4159 407 4214 Gdd.
427 4160 492 4232 aliq.
510 4160 546 4213 D.
568 4167 594 4216 1.
614 4158 655 4232 [].
676 4156 728 4213 del.
749 4159 785 4215 G.
805 4164 831 4216 2.
871 4158 926 4213 Sed
953 4164 1039 4214 nimis
1065 4164 1232 4234 exquisitum
1258 4177 1301 4216 est
1328 4162 1372 4217 vel
1402 4182 1427 4220 v.
1447 4166 1558 4232 oderit,

223 4251 305 4308 quam
324 4249 355 4288 nt
375 4236 570 4310 interpolatori
589 4236 675 4288 tribui
695 4236 793 4306 possit.
821 4232 909 4287 iidem
923 4232 979 4289 iere
992 4234 1060 4289 Cdd.
1075 4236 1232 4293 omittendo
1250 4254 1367 4312 pescant
1386 4245 1476 4292 etiam
1495 4242 1522 4308 ᾗ.
1531 4244 1560 4300 6.

222 4311 262 4379 (1)
293 4310 341 4363 Sic
359 4311 403 4364 M.
422 4311 455 4365 L.
475 4313 509 4365 G.
530 4315 557 4367 2.
586 4317 753 4361 -taurum
776 4306 846 4362 Cdd.
867 4310 933 4382 aliq.
952 4313 985 4366 P.
1003 4311 1050 4365 Cr.
1070 4315 1104 4367 V.
1123 4313 1158 4366 D.
1180 4321 1204 4370 1.
1257 4312 1297 4388 (1)
1323 4343 1362 4357 -
1380 4315 1508 4368 Lucilius
1529 4317 1559 4371 L.

223 4383 262 4461 (1)
282 4386 373 4439 Haec:
385 4382 520 4456 ferreum
529 4415 548 4427 -
558 4388 625 4436 -st’t
637 4402 688 4458 pro
700 4403 725 4438 v.
740 4387 977 4455 sesquitrocbaico
990 4384 1087 4441 babuit
1101 4388 1136 4440 D.
1150 4404 1214 4440 cnm
1227 4386 1337 4443 Vestio.
1361 4392 1363 4395 ’
1376 4389 1428 4466 (11)
1448 4407 1487 4445 eo
1500 4409 1559 4446 nm.

222 4465 336 4514 omnino
356 4458 425 4517 ctd.
446 4458 519 4517 Gird.
539 4459 618 4532 prob.
639 4460 721 4514 Cena.
742 4457 869 4513 Heldelb.
913 4460 966 4536 (11)
990 4491 1030 4505 --
1048 4468 1107 4514 sint
1123 4463 1190 4517 Ern.
1211 4480 1285 4537 susp.
1325 4460 1376 4533 (11)
1397 4485 1412 4520 c
1432 4465 1507 4521 cdd.
1526 4467 1560 4523 L.

222 4539 255 4589 lh
273 4553 313 4592 m.
333 4538 416 4596 1584.
437 4540 471 4591 D.
492 4536 573 4606 Seqq.
593 4562 631 4579 -ι
649 4543 683 4587 at
700 4536 828 4603 Priores,
847 4540 933 4589 etiam
953 4539 986 4591 V.
1007 4537 1048 4590 M.
1069 4538 1100 4590 L.
1115 4540 1198 4597 1566.
1217 4537 1268 4613 (--
1286 4547 1319 4590 at
1338 4572 1356 4582 -
1376 4572 1394 4582 -
1414 4573 1433 4584 -
1452 4561 1560 4613 qrtam-

222 4628 307 4683 quam
325 4610 376 4663 hnc
394 4611 468 4662 idem
487 4607 573 4683 011.)
612 4607 664 4683 (11)
682 4639 722 4653 -
739 4609 817 4662 Itis'e
836 4609 906 4664 Cdd.
926 4610 962 4666 G.
982 4619 1009 4668 2.
1048 4612 1098 4679 (11)
1118 4640 1155 4655 -
1173 4613 1217 4664 his
1235 4614 1268 4667 V.
1307 4613 1359 4683 (11)
1378 4644 1417 4658 -
1435 4609 1506 4669 silut
1523 4618 1560 4673 V.

223 4686 306 4741 Grili.
328 4687 379 4739 wll
400 4704 433 4740 ΘΣ
452 4690 533 4741 mels.
571 4682 624 4759 (16)
641 4715 681 4741 ,····
698 4685 823 4737 dicerent
841 4687 873 4741 P.
891 4688 940 4741 Cf.
959 4686 994 4740 v.
1014 4687 1056 4742 Μ.
1076 4688 1157 4741 Grut,
1195 4689 1247 4755 (17)
1265 4684 1380 4745 :iejse
1400 4708 1448 4742 res
1467 4693 1500 4748 L·
1520 4719 1560 4735 -ι

223 4760 260 4812 ab
279 4762 337 4812 illis
354 4779 450 4812 omnes
468 4779 513 4812 res
532 4776 591 4811 esse
610 4760 643 4813 V.
690 4759 742 4834 (11)
771 4774 809 4814 eo
828 4762 904 4815 Haec
929 4759 1012 4834 quiem
1030 4760 1086 4830 leg.
1112 4771 1179 4815 stant
1203 4779 1330 4839 suspecte
1349 4766 1415 4820 Ern.
1437 4766 1559 4821 escen-

223 4841 282 4891 tor'i
301 4833 428 4888 Heidelb.
467 4832 626 4889 Defendens
647 4836 692 4888 Bra
713 4836 749 4890 G.
773 4876 776 4883 .
797 4835 859 4908 (11)
877 4844 917 4890 ='
934 4846 978 4888 est
996 4842 1069 4889 enim
1089 4838 1155 4892 Sch.
1168 4844 1196 4893 2.
1243 4839 1294 4907 (²⁰)
1319 4856 1360 4893 oo*
1376 4840 1558 4908 Panaetium,

181 4896 184 4911 ⁴
221 4911 319 4965 Mars.
340 4909 375 4963 G.
396 4927 471 4983 susp.
491 4910 571 4983 prob.
591 4910 673 4964 Ceus.
693 4910 775 4969 Heid.
813 4909 864 4987 (11)
883 4940 922 4953 -
940 4911 1017 4981 Quid
1028 4911 1274 4984 Theophrastum?
1300 4913 1351 4968 Cd.
1372 4916 1433 4969 Mo.
1455 4921 1558 4991 Margo

188 4995 191 5001 ·
223 4985 271 5038 Cr.
308 4981 361 5054 (tt)
380 5002 418 5037 ’.-
437 4984 536 5036 iisdem
554 4986 587 5039 V.
607 4986 649 5039 M.
664 4995 690 5044 1.
703 4993 733 5042 2.
771 4986 823 5061 (11)
842 4986 881 5028 '-
900 5004 957 5041 om.
975 4988 1047 5047 haec
1065 4987 1348 5061 iisdem-wormes.
1367 4990 1437 5053 esd.
1457 4991 1493 5046 D.
1514 4994 1558 5067 [].

221 5074 262 5107 ’.-
280 5062 426 5128 compositi
443 5058 506 5113 scil.
517 5058 600 5115 libri.
629 5061 732 5116 Nescio
753 5067 833 5116 cuius
853 5058 882 5118 Ε.
953 5104 954 5110 ,
1391 5100 1395 5109 =
1551 5070 1570 5091 ”
