<?xml version="1.0" encoding="UTF-8"?>
<!DOCTYPE html PUBLIC "-//W3C//DTD XHTML 1.0 Transitional//EN"
    "http://www.w3.org/TR/xhtml1/DTD/xhtml1-transitional.dtd">
<html xmlns="http://www.w3.org/1999/xhtml" xml:lang="en" lang="en">
 <head>
  <title>
</title>
<meta http-equiv="Content-Type" content="text/html;charset=utf-8" />
  <meta name='ocr-system' content='tesseract 3.04.00' />
  <meta name='ocr-capabilities' content='ocr_page ocr_carea ocr_par ocr_line ocrx_word'/>
</head>
<body>
  <div class='ocr_page' id='page_1' title='image "./mtulliiciceroni01orelgoog_0013.png"; bbox 0 0 3288 5490; ppageno 0'>
   <div class='ocr_carea' id='block_1_1' title="bbox 150 392 185 466">
    <p class='ocr_par' dir='ltr' id='par_1_1' title="bbox 150 392 185 466">
     <span class='ocr_line' id='line_1_1' title="bbox 150 392 185 466; baseline 0 0"><span class='ocrx_word' id='word_1_1' title='bbox 150 392 185 466; x_wconf 62' lang='lat' dir='ltr'><strong>l</strong></span> 
     </span>
    </p>
   </div>
   <div class='ocr_carea' id='block_1_2' title="bbox 46 522 1497 620">
    <p class='ocr_par' dir='ltr' id='par_1_2' title="bbox 46 522 1497 620">
     <span class='ocr_line' id='line_1_2' title="bbox 46 522 1497 620; baseline 0.001 -23"><span class='ocrx_word' id='word_1_2' title='bbox 46 588 57 619; x_wconf 29' lang='lat' dir='ltr'><strong>s.</strong></span> <span class='ocrx_word' id='word_1_3' title='bbox 162 522 287 596; x_wconf 77' lang='lat' dir='ltr'><strong>iuvenis¹</strong></span> <span class='ocrx_word' id='word_1_4' title='bbox 308 524 512 598; x_wconf 85' lang='lat' dir='ltr'><strong>Parisiensis.</strong></span> <span class='ocrx_word' id='word_1_5' title='bbox 556 533 621 597; x_wconf 89' lang='lat' dir='ltr'><strong>Sed</strong></span> <span class='ocrx_word' id='word_1_6' title='bbox 643 543 677 596; x_wconf 90' lang='lat' dir='ltr'><strong>ut</strong></span> <span class='ocrx_word' id='word_1_7' title='bbox 701 526 812 596; x_wconf 88' lang='lat' dir='ltr'><strong>critica</strong></span> <span class='ocrx_word' id='word_1_8' title='bbox 836 548 966 618; x_wconf 88' lang='lat' dir='ltr'><strong>quoque</strong></span> <span class='ocrx_word' id='word_1_9' title='bbox 991 533 1096 620; x_wconf 89' lang='lat' dir='ltr'><strong>aliqua</strong></span> <span class='ocrx_word' id='word_1_10' title='bbox 1123 536 1198 598; x_wconf 89' lang='lat' dir='ltr'><strong>dote</strong></span> <span class='ocrx_word' id='word_1_11' title='bbox 1220 531 1409 598; x_wconf 77' lang='lat' dir='ltr'><strong>instruerem</strong></span> <span class='ocrx_word' id='word_1_12' title='bbox 1431 534 1497 598; x_wconf 90' lang='lat' dir='ltr'><strong>hoc</strong></span> 
     </span>
    </p>
   </div>
   <div class='ocr_carea' id='block_1_3' title="bbox 123 635 1515 1855">
    <p class='ocr_par' dir='ltr' id='par_1_3' title="bbox 123 635 1515 1855">
     <span class='ocr_line' id='line_1_3' title="bbox 163 635 1496 722; baseline 0.001 -22"><span class='ocrx_word' id='word_1_13' title='bbox 163 636 340 712; x_wconf 80' lang='lat' dir='ltr'><strong>volumen,</strong></span> <span class='ocrx_word' id='word_1_14' title='bbox 375 637 682 701; x_wconf 48' lang='lat' dir='ltr'><strong>summaleoueessit</strong></span> <span class='ocrx_word' id='word_1_15' title='bbox 708 635 889 722; x_wconf 84' lang='lat' dir='ltr'><strong>benignitas</strong></span> <span class='ocrx_word' id='word_1_16' title='bbox 915 639 1006 722; x_wconf 79' lang='lat' dir='ltr'><strong>Arrg.</strong></span> <span class='ocrx_word' id='word_1_17' title='bbox 1033 637 1216 713; x_wconf 88' lang='lat' dir='ltr'><strong>Renuardi,</strong></span> <span class='ocrx_word' id='word_1_18' title='bbox 1254 637 1496 702; x_wconf 75' lang='lat' dir='ltr'><strong>celebratissimi</strong></span> 
     </span>
     <span class='ocr_line' id='line_1_4' title="bbox 163 739 1496 826; baseline -0.001 -21"><span class='ocrx_word' id='word_1_19' title='bbox 163 740 323 805; x_wconf 81' lang='lat' dir='ltr'><strong>Aldorum</strong></span> <span class='ocrx_word' id='word_1_20' title='bbox 354 739 548 825; x_wconf 78' lang='lat' dir='ltr'>biographi,</span> <span class='ocrx_word' id='word_1_21' title='bbox 586 739 664 825; x_wconf 89' lang='lat' dir='ltr'><strong>qui,</strong></span> <span class='ocrx_word' id='word_1_22' title='bbox 700 762 797 826; x_wconf 89' lang='lat' dir='ltr'><strong>quum</strong></span> <span class='ocrx_word' id='word_1_23' title='bbox 826 739 983 804; x_wconf 88' lang='lat' dir='ltr'><strong>Durandii</strong></span> <span class='ocrx_word' id='word_1_24' title='bbox 1010 759 1103 803; x_wconf 76' lang='lat' dir='ltr'><strong>eiuras</strong></span> <span class='ocrx_word' id='word_1_25' title='bbox 1138 739 1337 823; x_wconf 81' lang='lat' dir='ltr'><strong>posteriores</strong></span> <span class='ocrx_word' id='word_1_26' title='bbox 1363 740 1496 804; x_wconf 86' lang='lat' dir='ltr'><strong>ineditas</strong></span> 
     </span>
     <span class='ocr_line' id='line_1_5' title="bbox 163 841 1494 929; baseline 0.003 -23"><span class='ocrx_word' id='word_1_27' title='bbox 163 841 366 926; x_wconf 82' lang='lat' dir='ltr'><strong>possideret,</strong></span> <span class='ocrx_word' id='word_1_28' title='bbox 402 842 504 908; x_wconf 85' lang='lat' dir='ltr'><strong>uoluit</strong></span> <span class='ocrx_word' id='word_1_29' title='bbox 534 862 587 906; x_wconf 86' lang='lat' dir='ltr'><strong>eas</strong></span> <span class='ocrx_word' id='word_1_30' title='bbox 611 842 754 915; x_wconf 77' lang='lat' dir='ltr'><strong>inridere</strong></span> <span class='ocrx_word' id='word_1_31' title='bbox 770 842 970 929; x_wconf 86' lang='lat' dir='ltr'><strong>philologis,</strong></span> <span class='ocrx_word' id='word_1_32' title='bbox 1008 845 1066 906; x_wconf 87' lang='lat' dir='ltr'><strong>sed</strong></span> <span class='ocrx_word' id='word_1_33' title='bbox 1087 854 1123 906; x_wconf 92' lang='lat' dir='ltr'><strong>ut</strong></span> <span class='ocrx_word' id='word_1_34' title='bbox 1144 846 1184 908; x_wconf 89' lang='lat' dir='ltr'><strong>ab</strong></span> <span class='ocrx_word' id='word_1_35' title='bbox 1206 846 1318 907; x_wconf 88' lang='lat' dir='ltr'><strong>eodem</strong></span> <span class='ocrx_word' id='word_1_36' title='bbox 1345 845 1494 929; x_wconf 87' lang='lat' dir='ltr'><strong>Bergero</strong></span> 
     </span>
     <span class='ocr_line' id='line_1_6' title="bbox 123 945 1495 1032; baseline 0.001 -23"><span class='ocrx_word' id='word_1_37' title='bbox 123 950 127 967; x_wconf 70' lang='lat'>⁸</span> <span class='ocrx_word' id='word_1_38' title='bbox 163 956 435 1027; x_wconf 79' lang='lat' dir='ltr'><strong>excerperentur,</strong></span> <span class='ocrx_word' id='word_1_39' title='bbox 471 945 559 1010; x_wconf 91' lang='lat' dir='ltr'><strong>ultro</strong></span> <span class='ocrx_word' id='word_1_40' title='bbox 590 945 746 1028; x_wconf 87' lang='lat' dir='ltr'><strong>permisit.</strong></span> <span class='ocrx_word' id='word_1_41' title='bbox 802 946 939 1032; x_wconf 84' lang='lat' dir='ltr'><strong>Utrique</strong></span> <span class='ocrx_word' id='word_1_42' title='bbox 967 946 1095 1028; x_wconf 86' lang='lat' dir='ltr'><strong>publice</strong></span> <span class='ocrx_word' id='word_1_43' title='bbox 1122 947 1186 1011; x_wconf 92' lang='lat' dir='ltr'><strong>hoc</strong></span> <span class='ocrx_word' id='word_1_44' title='bbox 1215 946 1290 1011; x_wconf 90' lang='lat' dir='ltr'><strong>loeo</strong></span> <span class='ocrx_word' id='word_1_45' title='bbox 1313 948 1434 1032; x_wconf 78' lang='lat' dir='ltr'><strong>gratias</strong></span> <span class='ocrx_word' id='word_1_46' title='bbox 1460 960 1495 1012; x_wconf 88' lang='lat' dir='ltr'><strong>ut</strong></span> 
     </span>
     <span class='ocr_line' id='line_1_7' title="bbox 164 1047 1494 1135; baseline 0.002 -23"><span class='ocrx_word' id='word_1_47' title='bbox 164 1068 278 1134; x_wconf 86' lang='lat' dir='ltr'><strong>agam,</strong></span> <span class='ocrx_word' id='word_1_48' title='bbox 299 1047 404 1131; x_wconf 90' lang='lat' dir='ltr'><strong>ipsum</strong></span> <span class='ocrx_word' id='word_1_49' title='bbox 422 1048 557 1113; x_wconf 88' lang='lat' dir='ltr'><strong>officium</strong></span> <span class='ocrx_word' id='word_1_50' title='bbox 573 1051 728 1135; x_wconf 86' lang='lat' dir='ltr'><strong>postulat.</strong></span> <span class='ocrx_word' id='word_1_51' title='bbox 772 1050 824 1114; x_wconf 91' lang='lat' dir='ltr'><strong>Eo</strong></span> <span class='ocrx_word' id='word_1_52' title='bbox 844 1064 974 1134; x_wconf 83' lang='lat' dir='ltr'><strong>quoque</strong></span> <span class='ocrx_word' id='word_1_53' title='bbox 991 1049 1160 1127; x_wconf 74' lang='lat' dir='ltr'><strong>inclinabat</strong></span> <span class='ocrx_word' id='word_1_54' title='bbox 1172 1049 1313 1124; x_wconf 83' lang='lat' dir='ltr'><strong>animus,</strong></span> <span class='ocrx_word' id='word_1_55' title='bbox 1337 1063 1372 1113; x_wconf 87' lang='lat' dir='ltr'><strong>ut</strong></span> <span class='ocrx_word' id='word_1_56' title='bbox 1388 1051 1494 1134; x_wconf 91' lang='lat' dir='ltr'><strong>repeti</strong></span> 
     </span>
     <span class='ocr_line' id='line_1_8' title="bbox 164 1150 1491 1238; baseline 0.002 -24"><span class='ocrx_word' id='word_1_57' title='bbox 164 1172 309 1215; x_wconf 82' lang='lat' dir='ltr'><strong>curarem</strong></span> <span class='ocrx_word' id='word_1_58' title='bbox 332 1150 469 1215; x_wconf 85' lang='lat' dir='ltr'><strong>Morelii</strong></span> <span class='ocrx_word' id='word_1_59' title='bbox 499 1150 696 1215; x_wconf 87' lang='lat' dir='ltr'><strong>rarissimum</strong></span> <span class='ocrx_word' id='word_1_60' title='bbox 720 1151 754 1215; x_wconf 91' lang='lat' dir='ltr'><strong>in</strong></span> <span class='ocrx_word' id='word_1_61' title='bbox 776 1151 880 1216; x_wconf 91' lang='lat' dir='ltr'><strong>libros</strong></span> <span class='ocrx_word' id='word_1_62' title='bbox 906 1154 945 1215; x_wconf 91' lang='lat' dir='ltr'><strong>de</strong></span> <span class='ocrx_word' id='word_1_63' title='bbox 967 1151 1101 1217; x_wconf 87' lang='lat' dir='ltr'><strong>Finibus</strong></span> <span class='ocrx_word' id='word_1_64' title='bbox 1123 1153 1400 1228; x_wconf 67' lang='lat' dir='ltr'><strong>commentarium</strong></span> <span class='ocrx_word' id='word_1_65' title='bbox 1425 1154 1491 1238; x_wconf 91' lang='lat' dir='ltr'><strong>qui,</strong></span> 
     </span>
     <span class='ocr_line' id='line_1_9' title="bbox 162 1253 1494 1339; baseline 0.001 -20"><span class='ocrx_word' id='word_1_66' title='bbox 162 1255 192 1319; x_wconf 87' lang='lat' dir='ltr'><strong>si</strong></span> <span class='ocrx_word' id='word_1_67' title='bbox 214 1253 408 1331; x_wconf 88' lang='lat' dir='ltr'><strong>Camerarii,</strong></span> <span class='ocrx_word' id='word_1_68' title='bbox 445 1253 609 1330; x_wconf 87' lang='lat' dir='ltr'><strong>Turnebi,</strong></span> <span class='ocrx_word' id='word_1_69' title='bbox 641 1254 784 1332; x_wconf 90' lang='lat' dir='ltr'><strong>Mureti,</strong></span> <span class='ocrx_word' id='word_1_70' title='bbox 816 1255 859 1319; x_wconf 88' lang='grc' dir='ltr'><strong>Ρ.</strong></span> <span class='ocrx_word' id='word_1_71' title='bbox 882 1254 982 1319; x_wconf 84' lang='lat' dir='ltr'><strong>Fabri</strong></span> <span class='ocrx_word' id='word_1_72' title='bbox 1003 1255 1120 1325; x_wconf 88' lang='lat' dir='ltr'><strong>similes</strong></span> <span class='ocrx_word' id='word_1_73' title='bbox 1139 1277 1231 1323; x_wconf 88' lang='lat' dir='ltr'><strong>curas</strong></span> <span class='ocrx_word' id='word_1_74' title='bbox 1253 1256 1337 1319; x_wconf 87' lang='lat' dir='ltr'><strong>haud</strong></span> <span class='ocrx_word' id='word_1_75' title='bbox 1358 1277 1494 1339; x_wconf 86' lang='lat' dir='ltr'><strong>prorsus</strong></span> 
     </span>
     <span class='ocr_line' id='line_1_10' title="bbox 162 1357 1492 1449; baseline 0.001 -28"><span class='ocrx_word' id='word_1_76' title='bbox 162 1369 342 1443; x_wconf 83' lang='lat' dir='ltr'><strong>exaequat,</strong></span> <span class='ocrx_word' id='word_1_77' title='bbox 367 1378 438 1449; x_wconf 79' lang='lat' dir='ltr'><strong>eum</strong></span> <span class='ocrx_word' id='word_1_78' title='bbox 459 1358 509 1421; x_wconf 91' lang='lat' dir='ltr'><strong>his</strong></span> <span class='ocrx_word' id='word_1_79' title='bbox 531 1369 637 1431; x_wconf 80' lang='lat' dir='ltr'><strong>tamen</strong></span> <span class='ocrx_word' id='word_1_80' title='bbox 660 1357 773 1423; x_wconf 89' lang='lat' dir='ltr'><strong>merito</strong></span> <span class='ocrx_word' id='word_1_81' title='bbox 795 1369 903 1440; x_wconf 91' lang='lat' dir='ltr'><strong>potest</strong></span> <span class='ocrx_word' id='word_1_82' title='bbox 924 1357 1119 1440; x_wconf 87' lang='lat' dir='ltr'><strong>comparari.</strong></span> <span class='ocrx_word' id='word_1_83' title='bbox 1163 1359 1203 1423; x_wconf 94' lang='lat' dir='ltr'><strong>Id</strong></span> <span class='ocrx_word' id='word_1_84' title='bbox 1224 1370 1328 1423; x_wconf 90' lang='lat' dir='ltr'><strong>autem</strong></span> <span class='ocrx_word' id='word_1_85' title='bbox 1350 1370 1383 1422; x_wconf 91' lang='lat' dir='ltr'><strong>et</strong></span> <span class='ocrx_word' id='word_1_86' title='bbox 1402 1358 1492 1441; x_wconf 87' lang='lat' dir='ltr'><strong>ipse,</strong></span> 
     </span>
     <span class='ocr_line' id='line_1_11' title="bbox 164 1460 1494 1553; baseline -0.001 -26"><span class='ocrx_word' id='word_1_87' title='bbox 164 1461 441 1553; x_wconf 68' lang='lat' dir='ltr'><strong>adolescentulus,</strong></span> <span class='ocrx_word' id='word_1_88' title='bbox 476 1460 646 1545; x_wconf 85' lang='lat' dir='ltr'><strong>aliquando</strong></span> <span class='ocrx_word' id='word_1_89' title='bbox 668 1461 773 1525; x_wconf 89' lang='lat' dir='ltr'><strong>inme</strong></span> <span class='ocrx_word' id='word_1_90' title='bbox 795 1483 863 1526; x_wconf 89' lang='lat' dir='ltr'><strong>sum</strong></span> <span class='ocrx_word' id='word_1_91' title='bbox 887 1474 1059 1544; x_wconf 83' lang='lat' dir='ltr'><strong>expertus,</strong></span> <span class='ocrx_word' id='word_1_92' title='bbox 1093 1473 1129 1527; x_wconf 89' lang='lat' dir='ltr'><strong>et</strong></span> <span class='ocrx_word' id='word_1_93' title='bbox 1150 1483 1233 1525; x_wconf 75' lang='lat' dir='ltr'><strong>niune</strong></span> <span class='ocrx_word' id='word_1_94' title='bbox 1254 1462 1286 1543; x_wconf 89' lang='lat' dir='ltr'><strong>iu</strong></span> <span class='ocrx_word' id='word_1_95' title='bbox 1308 1462 1494 1548; x_wconf 82' lang='lat' dir='ltr'><strong>melioribus</strong></span> 
     </span>
     <span class='ocr_line' id='line_1_12' title="bbox 163 1550 1515 1649; baseline 0 -21"><span class='ocrx_word' id='word_1_96' title='bbox 163 1564 260 1640; x_wconf 57' lang='lat' dir='ltr'><strong>meh:</strong></span> <span class='ocrx_word' id='word_1_97' title='bbox 274 1550 438 1647; x_wconf 74' lang='lat' dir='ltr'><strong>discipulis</strong></span> <span class='ocrx_word' id='word_1_98' title='bbox 457 1555 567 1647; x_wconf 86' lang='lat' dir='ltr'><strong>-saepe</strong></span> <span class='ocrx_word' id='word_1_99' title='bbox 596 1563 836 1641; x_wconf 78' lang='lat' dir='ltr'><strong>animaduerto,</strong></span> <span class='ocrx_word' id='word_1_100' title='bbox 873 1565 1011 1629; x_wconf 87' lang='lat' dir='ltr'><strong>libenter</strong></span> <span class='ocrx_word' id='word_1_101' title='bbox 1037 1565 1124 1629; x_wconf 74' lang='lat' dir='ltr'><strong>&#39;illam</strong></span> <span class='ocrx_word' id='word_1_102' title='bbox 1157 1564 1217 1648; x_wconf 93' lang='lat' dir='ltr'><strong>per</strong></span> <span class='ocrx_word' id='word_1_103' title='bbox 1240 1567 1407 1630; x_wconf 80' lang='lat' dir='ltr'><strong>aetatulam</strong></span> <span class='ocrx_word' id='word_1_104' title='bbox 1429 1552 1515 1649; x_wconf 54' lang='lat' dir='ltr'><strong>legi¹</strong></span> 
     </span>
     <span class='ocr_line' id='line_1_13' title="bbox 162 1666 1495 1754; baseline 0.002 -21"><span class='ocrx_word' id='word_1_105' title='bbox 162 1666 319 1733; x_wconf 81' lang='lat' dir='ltr'><strong>eiusmodi</strong></span> <span class='ocrx_word' id='word_1_106' title='bbox 341 1667 590 1739; x_wconf 77' lang='lat' dir='ltr'><strong>commentarios</strong></span> <span class='ocrx_word' id='word_1_107' title='bbox 613 1668 712 1732; x_wconf 87' lang='lat' dir='ltr'><strong>seculi</strong></span> <span class='ocrx_word' id='word_1_108' title='bbox 725 1691 827 1744; x_wconf 66' lang='lat' dir='ltr'><strong>aru,</strong></span> <span class='ocrx_word' id='word_1_109' title='bbox 852 1669 906 1754; x_wconf 90' lang='lat' dir='ltr'><strong>qui</strong></span> <span class='ocrx_word' id='word_1_110' title='bbox 921 1668 1181 1750; x_wconf 77' lang='lat' dir='ltr'><strong>provectioribus</strong></span> <span class='ocrx_word' id='word_1_111' title='bbox 1197 1669 1322 1752; x_wconf 89' lang='lat' dir='ltr'><strong>quidem</strong></span> <span class='ocrx_word' id='word_1_112' title='bbox 1337 1668 1369 1731; x_wconf 90' lang='lat' dir='ltr'><strong>iu</strong></span> <span class='ocrx_word' id='word_1_113' title='bbox 1388 1668 1495 1736; x_wconf 79' lang='lat' dir='ltr'><strong>multis</strong></span> 
     </span>
     <span class='ocr_line' id='line_1_14' title="bbox 162 1769 1495 1855; baseline -0.001 -18"><span class='ocrx_word' id='word_1_114' title='bbox 162 1793 248 1842; x_wconf 90' lang='lat' dir='ltr'><strong>nune</strong></span> <span class='ocrx_word' id='word_1_115' title='bbox 269 1769 413 1847; x_wconf 90' lang='lat' dir='ltr'><strong>inutiles,</strong></span> <span class='ocrx_word' id='word_1_116' title='bbox 437 1769 528 1837; x_wconf 78' lang='lat' dir='ltr'><strong>ninus</strong></span> <span class='ocrx_word' id='word_1_117' title='bbox 551 1770 700 1849; x_wconf 86' lang='lat' dir='ltr'><strong>verbosi,</strong></span> <span class='ocrx_word' id='word_1_118' title='bbox 724 1792 838 1855; x_wconf 88' lang='lat' dir='ltr'><strong>parum</strong></span> <span class='ocrx_word' id='word_1_119' title='bbox 861 1771 1003 1837; x_wconf 88' lang='lat' dir='ltr'><strong>accurati</strong></span> <span class='ocrx_word' id='word_1_120' title='bbox 1023 1771 1181 1839; x_wconf 89' lang='lat' dir='ltr'><strong>interdum</strong></span> <span class='ocrx_word' id='word_1_121' title='bbox 1198 1771 1356 1846; x_wconf 81' lang='lat' dir='ltr'><strong>videntur.</strong></span> <span class='ocrx_word' id='word_1_122' title='bbox 1400 1773 1495 1836; x_wconf 86' lang='lat' dir='ltr'><strong>Atta·</strong></span> 
     </span>
    </p>
   </div>
   <div class='ocr_carea' id='block_1_4' title="bbox 57 1873 1495 1962">
    <p class='ocr_par' dir='ltr' id='par_1_4' title="bbox 57 1873 1495 1962">
     <span class='ocr_line' id='line_1_15' title="bbox 57 1873 1495 1962; baseline -0.001 -22"><span class='ocrx_word' id='word_1_123' title='bbox 57 1904 62 1915; x_wconf 67' lang='lat'><strong><em>¹</em></strong></span> <span class='ocrx_word' id='word_1_124' title='bbox 161 1897 234 1940; x_wconf 87' lang='lat' dir='ltr'><strong>men</strong></span> <span class='ocrx_word' id='word_1_125' title='bbox 263 1876 432 1945; x_wconf 80' lang='lat' dir='ltr'><strong>¹continent</strong></span> <span class='ocrx_word' id='word_1_126' title='bbox 459 1875 546 1939; x_wconf 88' lang='lat' dir='ltr'><strong>haud</strong></span> <span class='ocrx_word' id='word_1_127' title='bbox 565 1895 665 1962; x_wconf 90' lang='lat' dir='ltr'><strong>pauca</strong></span> <span class='ocrx_word' id='word_1_128' title='bbox 688 1896 786 1941; x_wconf 85' lang='lat' dir='ltr'><strong>verae</strong></span> <span class='ocrx_word' id='word_1_129' title='bbox 805 1873 974 1945; x_wconf 77' lang='lat' dir='ltr'><strong>doctrinae</strong></span> <span class='ocrx_word' id='word_1_130' title='bbox 996 1874 1174 1951; x_wconf 90' lang='lat' dir='ltr'><strong>elementa,</strong></span> <span class='ocrx_word' id='word_1_131' title='bbox 1200 1873 1304 1956; x_wconf 16' lang='lat' dir='ltr'><strong>‘immo</strong></span> <span class='ocrx_word' id='word_1_132' title='bbox 1326 1873 1421 1939; x_wconf 93' lang='lat' dir='ltr'><strong>etiam</strong></span> <span class='ocrx_word' id='word_1_133' title='bbox 1442 1897 1495 1939; x_wconf 91' lang='lat' dir='ltr'><strong>re·</strong></span> 
     </span>
    </p>
   </div>
   <div class='ocr_carea' id='block_1_5' title="bbox 163 1970 1569 2062">
    <p class='ocr_par' dir='ltr' id='par_1_5' title="bbox 163 1970 1569 2062">
     <span class='ocr_line' id='line_1_16' title="bbox 163 1970 1569 2062; baseline -0.006 -14"><span class='ocrx_word' id='word_1_134' title='bbox 163 1979 294 2048; x_wconf 83' lang='lat' dir='ltr'><strong>condita</strong></span> <span class='ocrx_word' id='word_1_135' title='bbox 314 1979 491 2062; x_wconf 84' lang='lat' dir='ltr'><strong>quaedam,</strong></span> <span class='ocrx_word' id='word_1_136' title='bbox 526 1977 648 2047; x_wconf 79' lang='lat' dir='ltr'><strong>frustra</strong></span> <span class='ocrx_word' id='word_1_137' title='bbox 670 1998 752 2062; x_wconf 85' lang='lat' dir='ltr'><strong>quae</strong></span> <span class='ocrx_word' id='word_1_138' title='bbox 775 1978 950 2062; x_wconf 88' lang='lat' dir='ltr'><strong>quaesieris</strong></span> <span class='ocrx_word' id='word_1_139' title='bbox 971 1979 1003 2041; x_wconf 92' lang='lat' dir='ltr'><strong>iu</strong></span> <span class='ocrx_word' id='word_1_140' title='bbox 1025 1971 1279 2051; x_wconf 77' lang='lat' dir='ltr'><strong>recentioribus3</strong></span> <span class='ocrx_word' id='word_1_141' title='bbox 1317 1987 1349 2039; x_wconf 88' lang='lat' dir='ltr'><strong>et</strong></span> <span class='ocrx_word' id='word_1_142' title='bbox 1370 1970 1497 2043; x_wconf 73' lang='lat' dir='ltr'><strong>Latini-</strong></span> <span class='ocrx_word' id='word_1_143' title='bbox 1564 2048 1569 2055; x_wconf 47' lang='grc'><em>,</em></span> 
     </span>
    </p>
   </div>
   <div class='ocr_carea' id='block_1_6' title="bbox 27 2070 1641 2177">
    <p class='ocr_par' dir='ltr' id='par_1_6' title="bbox 27 2070 1641 2177">
     <span class='ocr_line' id='line_1_17' title="bbox 27 2070 1641 2177; baseline -0.003 -29"><span class='ocrx_word' id='word_1_144' title='bbox 27 2150 47 2169; x_wconf 58' lang='lat'>‚</span> <span class='ocrx_word' id='word_1_145' title='bbox 135 2094 227 2174; x_wconf 75' lang='lat' dir='ltr'><strong>‚tate</strong></span> <span class='ocrx_word' id='word_1_146' title='bbox 246 2082 337 2164; x_wconf 89' lang='lat' dir='ltr'><strong>ipsa,</strong></span> <span class='ocrx_word' id='word_1_147' title='bbox 363 2082 501 2151; x_wconf 81' lang='lat' dir='ltr'><strong>mascula</strong></span> <span class='ocrx_word' id='word_1_148' title='bbox 522 2080 576 2145; x_wconf 86' lang='lat' dir='ltr'><strong>illa</strong></span> <span class='ocrx_word' id='word_1_149' title='bbox 598 2091 631 2144; x_wconf 93' lang='lat' dir='ltr'><strong>et</strong></span> <span class='ocrx_word' id='word_1_150' title='bbox 653 2082 821 2165; x_wconf 81' lang='lat' dir='ltr'><strong>expedita,</strong></span> <span class='ocrx_word' id='word_1_151' title='bbox 844 2070 1049 2167; x_wconf 82' lang='lat' dir='ltr'><strong>nondumque</strong></span> <span class='ocrx_word' id='word_1_152' title='bbox 1059 2081 1098 2144; x_wconf 82' lang='lat' dir='ltr'><strong>-iu</strong></span> <span class='ocrx_word' id='word_1_153' title='bbox 1121 2092 1306 2144; x_wconf 86' lang='lat' dir='ltr'><strong>uostrnrtun</strong></span> <span class='ocrx_word' id='word_1_154' title='bbox 1324 2081 1496 2149; x_wconf 77' lang='lat' dir='ltr'><strong>Gramma·</strong></span> <span class='ocrx_word' id='word_1_155' title='bbox 1564 2150 1568 2165; x_wconf 48' lang='grc'><strong>,</strong></span> <span class='ocrx_word' id='word_1_156' title='bbox 1640 2170 1641 2177; x_wconf 13' lang='lat'>¹</span> 
     </span>
    </p>
   </div>
   <div class='ocr_carea' id='block_1_7' title="bbox 106 2183 1496 2269">
    <p class='ocr_par' dir='ltr' id='par_1_7' title="bbox 106 2183 1496 2269">
     <span class='ocr_line' id='line_1_18' title="bbox 106 2183 1496 2269; baseline -0.005 -13"><span class='ocrx_word' id='word_1_157' title='bbox 106 2252 108 2256; x_wconf 77' lang='grc'><strong>,</strong></span> <span class='ocrx_word' id='word_1_158' title='bbox 162 2186 304 2251; x_wconf 85' lang='lat' dir='ltr'><strong>ticorum</strong></span> <span class='ocrx_word' id='word_1_159' title='bbox 326 2184 486 2269; x_wconf 80' lang='lat' dir='ltr'><strong>angttstias</strong></span> <span class='ocrx_word' id='word_1_160' title='bbox 506 2188 654 2262; x_wconf 81' lang='lat' dir='ltr'><strong>redacta,</strong></span> <span class='ocrx_word' id='word_1_161' title='bbox 689 2206 759 2255; x_wconf 86' lang='lat' dir='ltr'><strong>sese</strong></span> <span class='ocrx_word' id='word_1_162' title='bbox 780 2187 1020 2260; x_wconf 86' lang='lat' dir='ltr'><strong>commendant;</strong></span> <span class='ocrx_word' id='word_1_163' title='bbox 1043 2196 1080 2247; x_wconf 92' lang='lat' dir='ltr'><strong>ut</strong></span> <span class='ocrx_word' id='word_1_164' title='bbox 1100 2183 1200 2266; x_wconf 85' lang='lat' dir='ltr'><strong>ipsius</strong></span> <span class='ocrx_word' id='word_1_165' title='bbox 1223 2183 1368 2248; x_wconf 88' lang='lat' dir='ltr'><strong>doctoris</strong></span> <span class='ocrx_word' id='word_1_166' title='bbox 1389 2184 1496 2249; x_wconf 82' lang='lat' dir='ltr'><strong>vivam</strong></span> 
     </span>
    </p>
   </div>
   <div class='ocr_carea' id='block_1_8' title="bbox 41 2285 1495 2383">
    <p class='ocr_par' dir='ltr' id='par_1_8' title="bbox 41 2285 1495 2383">
     <span class='ocr_line' id='line_1_19' title="bbox 41 2285 1495 2383; baseline -0.001 -29"><span class='ocrx_word' id='word_1_167' title='bbox 41 2370 46 2383; x_wconf 54' lang='lat'><strong>,</strong></span> <span class='ocrx_word' id='word_1_168' title='bbox 124 2285 132 2291; x_wconf 60' lang='grc'><em>’</em></span> <span class='ocrx_word' id='word_1_169' title='bbox 163 2301 279 2354; x_wconf 75' lang='lat' dir='ltr'><strong>vocem</strong></span> <span class='ocrx_word' id='word_1_170' title='bbox 293 2288 415 2357; x_wconf 74' lang='lat' dir='ltr'><strong>audire</strong></span> <span class='ocrx_word' id='word_1_171' title='bbox 436 2308 532 2370; x_wconf 81' lang='lat' dir='ltr'><strong>saepe</strong></span> <span class='ocrx_word' id='word_1_172' title='bbox 553 2287 612 2352; x_wconf 88' lang='lat' dir='ltr'><strong>tibi</strong></span> <span class='ocrx_word' id='word_1_173' title='bbox 634 2287 781 2365; x_wconf 82' lang='lat' dir='ltr'><strong>videare,</strong></span> <span class='ocrx_word' id='word_1_174' title='bbox 819 2310 884 2352; x_wconf 90' lang='lat' dir='ltr'><strong>non</strong></span> <span class='ocrx_word' id='word_1_175' title='bbox 911 2289 1022 2373; x_wconf 88' lang='lat' dir='ltr'><strong>legere</strong></span> <span class='ocrx_word' id='word_1_176' title='bbox 1045 2299 1165 2351; x_wconf 91' lang='lat' dir='ltr'><strong>mutum</strong></span> <span class='ocrx_word' id='word_1_177' title='bbox 1187 2287 1316 2351; x_wconf 89' lang='lat' dir='ltr'><strong>librum.</strong></span> <span class='ocrx_word' id='word_1_178' title='bbox 1370 2290 1495 2375; x_wconf 69' lang='lat' dir='ltr'><strong>Verum</strong></span> 
     </span>
    </p>
   </div>
   <div class='ocr_carea' id='block_1_9' title="bbox 137 2389 1497 3514">
    <p class='ocr_par' dir='ltr' id='par_1_9' title="bbox 137 2389 1497 3514">
     <span class='ocr_line' id='line_1_20' title="bbox 163 2389 1494 2479; baseline 0 -23"><span class='ocrx_word' id='word_1_179' title='bbox 163 2403 275 2465; x_wconf 84' lang='lat' dir='ltr'><strong>nostra</strong></span> <span class='ocrx_word' id='word_1_180' title='bbox 304 2403 390 2455; x_wconf 88' lang='lat' dir='ltr'><strong>aetas</strong></span> <span class='ocrx_word' id='word_1_181' title='bbox 418 2390 643 2461; x_wconf 83' lang='lat' dir='ltr'><strong>adnotationes</strong></span> <span class='ocrx_word' id='word_1_182' title='bbox 674 2390 899 2468; x_wconf 84' lang='lat' dir='ltr'><strong>Germanicas,</strong></span> <span class='ocrx_word' id='word_1_183' title='bbox 935 2392 1029 2471; x_wconf 82' lang='lat' dir='ltr'><strong>etiam</strong></span> <span class='ocrx_word' id='word_1_184' title='bbox 1064 2391 1096 2453; x_wconf 93' lang='lat' dir='ltr'><strong>in</strong></span> <span class='ocrx_word' id='word_1_185' title='bbox 1119 2389 1299 2467; x_wconf 85' lang='lat' dir='ltr'><strong>Cicerone,</strong></span> <span class='ocrx_word' id='word_1_186' title='bbox 1333 2391 1494 2479; x_wconf 66' lang='lat' dir='ltr'><strong>praeferte</strong></span> 
     </span>
     <span class='ocr_line' id='line_1_21' title="bbox 163 2492 1496 2587; baseline -0.002 -26"><span class='ocrx_word' id='word_1_187' title='bbox 163 2517 224 2561; x_wconf 91' lang='lat' dir='ltr'><strong>nee</strong></span> <span class='ocrx_word' id='word_1_188' title='bbox 246 2495 377 2587; x_wconf 73' lang='lat' dir='ltr'><strong>drnbito,</strong></span> <span class='ocrx_word' id='word_1_189' title='bbox 413 2493 488 2580; x_wconf 90' lang='lat' dir='ltr'><strong>quin</strong></span> <span class='ocrx_word' id='word_1_190' title='bbox 519 2495 603 2557; x_wconf 89' lang='lat' dir='ltr'><strong>intra</strong></span> <span class='ocrx_word' id='word_1_191' title='bbox 632 2516 767 2577; x_wconf 86' lang='lat' dir='ltr'><strong>paucos.</strong></span> <span class='ocrx_word' id='word_1_192' title='bbox 790 2516 890 2560; x_wconf 88' lang='lat' dir='ltr'><strong>annos</strong></span> <span class='ocrx_word' id='word_1_193' title='bbox 920 2494 1025 2559; x_wconf 89' lang='lat' dir='ltr'><strong>omnia</strong></span> <span class='ocrx_word' id='word_1_194' title='bbox 1058 2492 1125 2558; x_wconf 91' lang='lat' dir='ltr'><strong>eius</strong></span> <span class='ocrx_word' id='word_1_195' title='bbox 1158 2494 1278 2576; x_wconf 88' lang='lat' dir='ltr'><strong>scripta</strong></span> <span class='ocrx_word' id='word_1_196' title='bbox 1298 2495 1342 2563; x_wconf 85' lang='lat' dir='ltr'><strong>ita</strong></span> <span class='ocrx_word' id='word_1_197' title='bbox 1364 2496 1496 2579; x_wconf 87' lang='lat' dir='ltr'><strong>copiose</strong></span> 
     </span>
     <span class='ocr_line' id='line_1_22' title="bbox 163 2596 1496 2691; baseline 0.001 -29"><span class='ocrx_word' id='word_1_198' title='bbox 163 2598 323 2663; x_wconf 84' lang='lat' dir='ltr'><strong>illustrata</strong></span> <span class='ocrx_word' id='word_1_199' title='bbox 345 2597 485 2671; x_wconf 85' lang='lat' dir='ltr'><strong>babituri</strong></span> <span class='ocrx_word' id='word_1_200' title='bbox 506 2596 622 2674; x_wconf 84' lang='lat' dir='ltr'><strong>simus,</strong></span> <span class='ocrx_word' id='word_1_201' title='bbox 646 2610 683 2662; x_wconf 89' lang='lat' dir='ltr'><strong>ut</strong></span> <span class='ocrx_word' id='word_1_202' title='bbox 704 2597 791 2664; x_wconf 90' lang='lat' dir='ltr'><strong>omui</strong></span> <span class='ocrx_word' id='word_1_203' title='bbox 812 2617 849 2671; x_wconf 82' lang='lat' dir='ltr'><strong>ea</strong></span> <span class='ocrx_word' id='word_1_204' title='bbox 871 2596 999 2683; x_wconf 84' lang='lat' dir='ltr'><strong>publice</strong></span> <span class='ocrx_word' id='word_1_205' title='bbox 1021 2596 1253 2679; x_wconf 81' lang='lat' dir='ltr'><strong>interpretandi</strong></span> <span class='ocrx_word' id='word_1_206' title='bbox 1274 2598 1385 2663; x_wconf 91' lang='lat' dir='ltr'><strong>labore</strong></span> <span class='ocrx_word' id='word_1_207' title='bbox 1406 2622 1496 2691; x_wconf 85' lang='lat' dir='ltr'><strong>com·</strong></span> 
     </span>
     <span class='ocr_line' id='line_1_23' title="bbox 164 2700 1496 2787; baseline -0.001 -21"><span class='ocrx_word' id='word_1_208' title='bbox 164 2704 263 2767; x_wconf 89' lang='lat' dir='ltr'><strong>mode</strong></span> <span class='ocrx_word' id='word_1_209' title='bbox 292 2723 445 2787; x_wconf 86' lang='lat' dir='ltr'><strong>queamus</strong></span> <span class='ocrx_word' id='word_1_210' title='bbox 478 2702 702 2784; x_wconf 86' lang='lat' dir='ltr'><strong>supersedere.</strong></span> <span class='ocrx_word' id='word_1_211' title='bbox 756 2702 871 2787; x_wconf 89' lang='lat' dir='ltr'><strong>Itaque</strong></span> <span class='ocrx_word' id='word_1_212' title='bbox 905 2723 943 2765; x_wconf 90' lang='lat' dir='ltr'><strong>ne</strong></span> <span class='ocrx_word' id='word_1_213' title='bbox 972 2701 1103 2767; x_wconf 89' lang='lat' dir='ltr'><strong>huiusce</strong></span> <span class='ocrx_word' id='word_1_214' title='bbox 1135 2700 1209 2764; x_wconf 90' lang='lat' dir='ltr'><strong>libri</strong></span> <span class='ocrx_word' id='word_1_215' title='bbox 1237 2702 1338 2765; x_wconf 90' lang='lat' dir='ltr'><strong>moles</strong></span> <span class='ocrx_word' id='word_1_216' title='bbox 1367 2701 1496 2767; x_wconf 89' lang='lat' dir='ltr'><strong>nimium</strong></span> 
     </span>
     <span class='ocr_line' id='line_1_24' title="bbox 165 2803 1493 2886; baseline -0.003 -14"><span class='ocrx_word' id='word_1_217' title='bbox 165 2816 391 2881; x_wconf 73' lang='lat' dir='ltr'><strong>excreseeret,</strong></span> <span class='ocrx_word' id='word_1_218' title='bbox 426 2804 457 2868; x_wconf 93' lang='lat' dir='ltr'><strong>in</strong></span> <span class='ocrx_word' id='word_1_219' title='bbox 482 2824 523 2869; x_wconf 87' lang='lat' dir='ltr'><strong>eo</strong></span> <span class='ocrx_word' id='word_1_220' title='bbox 548 2803 695 2880; x_wconf 83' lang='lat' dir='ltr'><strong>substiti,</strong></span> <span class='ocrx_word' id='word_1_221' title='bbox 733 2816 769 2869; x_wconf 90' lang='lat' dir='ltr'><strong>ut</strong></span> <span class='ocrx_word' id='word_1_222' title='bbox 798 2825 816 2868; x_wconf 92' lang='lat' dir='ltr'><strong>e</strong></span> <span class='ocrx_word' id='word_1_223' title='bbox 848 2804 996 2871; x_wconf 89' lang='lat' dir='ltr'><strong>Morelio</strong></span> <span class='ocrx_word' id='word_1_224' title='bbox 1023 2824 1232 2886; x_wconf 68' lang='lat' dir='ltr'><strong>excerperem</strong></span> <span class='ocrx_word' id='word_1_225' title='bbox 1255 2825 1291 2868; x_wconf 86' lang='lat' dir='ltr'><strong>ea</strong></span> <span class='ocrx_word' id='word_1_226' title='bbox 1312 2807 1493 2881; x_wconf 77' lang='lat' dir='ltr'><strong>dumtaxat,</strong></span> 
     </span>
     <span class='ocr_line' id='line_1_25' title="bbox 137 2894 1497 2999; baseline -0.001 -27"><span class='ocrx_word' id='word_1_227' title='bbox 137 2894 249 2994; x_wconf 65' lang='lat' dir='ltr'><strong>¹quae</strong></span> <span class='ocrx_word' id='word_1_228' title='bbox 282 2907 387 2999; x_wconf 84' lang='lat' dir='ltr'><strong>critici</strong></span> <span class='ocrx_word' id='word_1_229' title='bbox 416 2919 489 2973; x_wconf 83' lang='lat' dir='ltr'><strong>sunt</strong></span> <span class='ocrx_word' id='word_1_230' title='bbox 526 2905 719 2992; x_wconf 78' lang='lat' dir='ltr'><strong>argrrmenti.</strong></span> <span class='ocrx_word' id='word_1_231' title='bbox 758 2908 919 2977; x_wconf 77' lang='lat' dir='ltr'><strong>illultum</strong></span> <span class='ocrx_word' id='word_1_232' title='bbox 950 2919 1055 2972; x_wconf 89' lang='lat' dir='ltr'><strong>autem</strong></span> <span class='ocrx_word' id='word_1_233' title='bbox 1073 2909 1144 2979; x_wconf 65' lang='lat' dir='ltr'><strong>‘hac</strong></span> <span class='ocrx_word' id='word_1_234' title='bbox 1170 2907 1203 2970; x_wconf 88' lang='lat' dir='ltr'><strong>in</strong></span> <span class='ocrx_word' id='word_1_235' title='bbox 1231 2928 1269 2971; x_wconf 90' lang='lat' dir='ltr'><strong>re</strong></span> <span class='ocrx_word' id='word_1_236' title='bbox 1299 2930 1348 2972; x_wconf 90' lang='lat' dir='ltr'><strong>me</strong></span> <span class='ocrx_word' id='word_1_237' title='bbox 1377 2907 1497 2973; x_wconf 82' lang='lat' dir='ltr'><strong>adiuuit</strong></span> 
     </span>
     <span class='ocr_line' id='line_1_26' title="bbox 164 3009 1497 3096; baseline -0.002 -19"><span class='ocrx_word' id='word_1_238' title='bbox 164 3011 300 3077; x_wconf 80' lang='lat' dir='ltr'><strong>Hernici</strong></span> <span class='ocrx_word' id='word_1_239' title='bbox 311 3011 540 3088; x_wconf 72' lang='lat' dir='ltr'><strong>semuncem,</strong></span> <span class='ocrx_word' id='word_1_240' title='bbox 555 3009 772 3083; x_wconf 52' lang='lat' dir='ltr'><strong>⁴Professor-is</strong></span> <span class='ocrx_word' id='word_1_241' title='bbox 788 3010 991 3087; x_wconf 83' lang='lat' dir='ltr'><strong>Turieensis,</strong></span> <span class='ocrx_word' id='word_1_242' title='bbox 1012 3010 1161 3075; x_wconf 85' lang='lat' dir='ltr'><strong>sedulitas</strong></span> <span class='ocrx_word' id='word_1_243' title='bbox 1173 3032 1210 3074; x_wconf 84' lang='lat' dir='ltr'><strong>ac</strong></span> <span class='ocrx_word' id='word_1_244' title='bbox 1221 3010 1395 3096; x_wconf 82' lang='lat' dir='ltr'><strong>diligentia,</strong></span> <span class='ocrx_word' id='word_1_245' title='bbox 1415 3033 1497 3096; x_wconf 84' lang='lat' dir='ltr'><strong>quae</strong></span> 
     </span>
     <span class='ocr_line' id='line_1_27' title="bbox 156 3112 1496 3206; baseline -0.005 -21"><span class='ocrx_word' id='word_1_246' title='bbox 156 3115 423 3206; x_wconf 59' lang='lat' dir='ltr'><strong>..inconstantis</strong></span> <span class='ocrx_word' id='word_1_247' title='bbox 446 3115 531 3178; x_wconf 86' lang='lat' dir='ltr'><strong>Edd.</strong></span> <span class='ocrx_word' id='word_1_248' title='bbox 566 3112 704 3199; x_wconf 87' lang='lat' dir='ltr'><strong>antiquis</strong></span> <span class='ocrx_word' id='word_1_249' title='bbox 725 3136 785 3196; x_wconf 90' lang='lat' dir='ltr'><strong>per</strong></span> <span class='ocrx_word' id='word_1_250' title='bbox 807 3126 908 3179; x_wconf 88' lang='lat' dir='ltr'><strong>totam</strong></span> <span class='ocrx_word' id='word_1_251' title='bbox 931 3116 1012 3177; x_wconf 92' lang='lat' dir='ltr'><strong>hanc</strong></span> <span class='ocrx_word' id='word_1_252' title='bbox 1035 3135 1166 3195; x_wconf 91' lang='lat' dir='ltr'><strong>operam</strong></span> <span class='ocrx_word' id='word_1_253' title='bbox 1189 3114 1298 3179; x_wconf 80' lang='lat' dir='ltr'><strong>Tullio</strong></span> <span class='ocrx_word' id='word_1_254' title='bbox 1320 3114 1496 3198; x_wconf 86' lang='lat' dir='ltr'><strong>impensam</strong></span> 
     </span>
     <span class='ocr_line' id='line_1_28' title="bbox 164 3202 1496 3306; baseline 0 -24"><span class='ocrx_word' id='word_1_255' title='bbox 164 3239 231 3306; x_wconf 58' lang='lat' dir='ltr'><strong>noga</strong></span> <span class='ocrx_word' id='word_1_256' title='bbox 252 3217 350 3284; x_wconf 74' lang='lat' dir='ltr'><strong>sunel</strong></span> <span class='ocrx_word' id='word_1_257' title='bbox 372 3202 476 3305; x_wconf 72' lang='lat' dir='ltr'><strong>amice</strong></span> <span class='ocrx_word' id='word_1_258' title='bbox 493 3216 571 3283; x_wconf 90' lang='lat' dir='ltr'><strong>mibi</strong></span> <span class='ocrx_word' id='word_1_259' title='bbox 594 3214 805 3292; x_wconf 86' lang='lat' dir='ltr'><strong>subveniens,</strong></span> <span class='ocrx_word' id='word_1_260' title='bbox 831 3238 945 3302; x_wconf 84' lang='lat' dir='ltr'><strong>magna</strong></span> <span class='ocrx_word' id='word_1_261' title='bbox 966 3218 1021 3281; x_wconf 92' lang='lat' dir='ltr'><strong>hic</strong></span> <span class='ocrx_word' id='word_1_262' title='bbox 1043 3237 1173 3302; x_wconf 88' lang='lat' dir='ltr'><strong>quoque</strong></span> <span class='ocrx_word' id='word_1_263' title='bbox 1188 3216 1331 3283; x_wconf 87' lang='lat' dir='ltr'><strong>molestia</strong></span> <span class='ocrx_word' id='word_1_264' title='bbox 1348 3221 1396 3281; x_wconf 81' lang='lat' dir='ltr'><strong>uie</strong></span> <span class='ocrx_word' id='word_1_265' title='bbox 1415 3218 1496 3283; x_wconf 87' lang='lat' dir='ltr'><strong>libe·</strong></span> 
     </span>
     <span class='ocr_line' id='line_1_29' title="bbox 164 3304 1496 3410; baseline -0.002 -24"><span class='ocrx_word' id='word_1_266' title='bbox 164 3321 264 3410; x_wconf 80' lang='lat' dir='ltr'><strong>ravit.</strong></span> <span class='ocrx_word' id='word_1_267' title='bbox 299 3304 397 3402; x_wconf 84' lang='lat' dir='ltr'><strong>Quod</strong></span> <span class='ocrx_word' id='word_1_268' title='bbox 418 3320 445 3383; x_wconf 95' lang='lat' dir='ltr'><strong>si</strong></span> <span class='ocrx_word' id='word_1_269' title='bbox 476 3321 614 3409; x_wconf 80' lang='lat' dir='ltr'><strong>benigne</strong></span> <span class='ocrx_word' id='word_1_270' title='bbox 637 3340 655 3382; x_wconf 89' lang='lat' dir='ltr'><strong>a</strong></span> <span class='ocrx_word' id='word_1_271' title='bbox 678 3319 874 3395; x_wconf 75' lang='lat' dir='ltr'><strong>nostratibus</strong></span> <span class='ocrx_word' id='word_1_272' title='bbox 903 3318 1084 3403; x_wconf 79' lang='lat' dir='ltr'><strong>excipietur</strong></span> <span class='ocrx_word' id='word_1_273' title='bbox 1105 3319 1265 3405; x_wconf 86' lang='lat' dir='ltr'><strong>specimen</strong></span> <span class='ocrx_word' id='word_1_274' title='bbox 1286 3321 1350 3385; x_wconf 88' lang='lat' dir='ltr'><strong>hoc</strong></span> <span class='ocrx_word' id='word_1_275' title='bbox 1371 3321 1496 3385; x_wconf 89' lang='lat' dir='ltr'><strong>Biblio-</strong></span> 
     </span>
     <span class='ocr_line' id='line_1_30' title="bbox 163 3423 1496 3514; baseline 0 -26"><span class='ocrx_word' id='word_1_276' title='bbox 163 3426 277 3495; x_wconf 86' lang='lat' dir='ltr'><strong>thecae</strong></span> <span class='ocrx_word' id='word_1_277' title='bbox 309 3423 587 3514; x_wconf 79' lang='lat' dir='ltr'><strong>Philosophorum</strong></span> <span class='ocrx_word' id='word_1_278' title='bbox 618 3423 810 3502; x_wconf 85' lang='lat' dir='ltr'><strong>Latinorum</strong></span> <span class='ocrx_word' id='word_1_279' title='bbox 837 3435 967 3506; x_wconf 87' lang='lat' dir='ltr'><strong>praeter</strong></span> <span class='ocrx_word' id='word_1_280' title='bbox 989 3423 1161 3499; x_wconf 84' lang='lat' dir='ltr'><strong>Senecam,</strong></span> <span class='ocrx_word' id='word_1_281' title='bbox 1198 3423 1311 3487; x_wconf 88' lang='lat' dir='ltr'><strong>similia</strong></span> <span class='ocrx_word' id='word_1_282' title='bbox 1333 3423 1496 3488; x_wconf 75' lang='lat' dir='ltr'><strong>volumina</strong></span> 
     </span>
    </p>
   </div>
   <div class='ocr_carea' id='block_1_10' title="bbox 164 3524 1644 3613">
    <p class='ocr_par' dir='ltr' id='par_1_10' title="bbox 164 3524 1644 3613">
     <span class='ocr_line' id='line_1_31' title="bbox 164 3524 1644 3613; baseline -0.003 -19"><span class='ocrx_word' id='word_1_283' title='bbox 164 3527 305 3599; x_wconf 81' lang='lat' dir='ltr'><strong>lor-sitan</strong></span> <span class='ocrx_word' id='word_1_284' title='bbox 332 3527 529 3602; x_wconf 78' lang='lat' dir='ltr'><strong>emittemus.;</strong></span> <span class='ocrx_word' id='word_1_285' title='bbox 548 3526 610 3613; x_wconf 83' lang='lat' dir='ltr'><strong>¹ita</strong></span> <span class='ocrx_word' id='word_1_286' title='bbox 631 3538 680 3596; x_wconf 81' lang='lat' dir='ltr'><strong>ut:</strong></span> <span class='ocrx_word' id='word_1_287' title='bbox 696 3548 733 3591; x_wconf 61' lang='lat' dir='ltr'><strong>va</strong></span> <span class='ocrx_word' id='word_1_288' title='bbox 755 3545 787 3588; x_wconf 88' lang='lat' dir='ltr'><strong>c.</strong></span> <span class='ocrx_word' id='word_1_289' title='bbox 819 3524 976 3609; x_wconf 86' lang='lat' dir='ltr'><strong>Appuleii</strong></span> <span class='ocrx_word' id='word_1_290' title='bbox 1006 3528 1180 3611; x_wconf 87' lang='lat' dir='ltr'><strong>quaedam,</strong></span> <span class='ocrx_word' id='word_1_291' title='bbox 1215 3537 1246 3589; x_wconf 91' lang='lat' dir='ltr'><strong>et</strong></span> <span class='ocrx_word' id='word_1_292' title='bbox 1268 3527 1441 3610; x_wconf 84' lang='lat' dir='ltr'><strong>Augustini</strong></span> <span class='ocrx_word' id='word_1_293' title='bbox 1464 3528 1496 3591; x_wconf 90' lang='lat' dir='ltr'><strong>in</strong></span> <span class='ocrx_word' id='word_1_294' title='bbox 1606 3542 1613 3553; x_wconf 83' lang='grc'><strong>”</strong></span> <span class='ocrx_word' id='word_1_295' title='bbox 1643 3543 1644 3552; x_wconf 73' lang='grc'>’</span> 
     </span>
    </p>
   </div>
   <div class='ocr_carea' id='block_1_11' title="bbox 87 3614 1495 3715">
    <p class='ocr_par' dir='ltr' id='par_1_11' title="bbox 87 3614 1495 3715">
     <span class='ocr_line' id='line_1_32' title="bbox 87 3614 1495 3715; baseline -0.001 -20"><span class='ocrx_word' id='word_1_296' title='bbox 87 3623 91 3629; x_wconf 67' lang='grc'>’</span> <span class='ocrx_word' id='word_1_297' title='bbox 164 3629 276 3715; x_wconf 88' lang='lat' dir='ltr'><strong>primis</strong></span> <span class='ocrx_word' id='word_1_298' title='bbox 298 3614 430 3715; x_wconf 79' lang='lat' dir='ltr'><strong>egregii</strong></span> <span class='ocrx_word' id='word_1_299' title='bbox 452 3629 499 3693; x_wconf 92' lang='lat' dir='ltr'><strong>illi</strong></span> <span class='ocrx_word' id='word_1_300' title='bbox 513 3620 597 3697; x_wconf 73' lang='lat' dir='ltr'><strong>&#39;litei</strong></span> <span class='ocrx_word' id='word_1_301' title='bbox 626 3631 665 3694; x_wconf 90' lang='lat' dir='ltr'><strong>de</strong></span> <span class='ocrx_word' id='word_1_302' title='bbox 688 3628 753 3693; x_wconf 84' lang='lat' dir='ltr'><strong>vita</strong></span> <span class='ocrx_word' id='word_1_303' title='bbox 775 3630 867 3701; x_wconf 86' lang='lat' dir='ltr'><strong>beata</strong></span> <span class='ocrx_word' id='word_1_304' title='bbox 891 3627 1048 3692; x_wconf 88' lang='lat' dir='ltr'><strong>Tullianis</strong></span> <span class='ocrx_word' id='word_1_305' title='bbox 1069 3631 1243 3704; x_wconf 81' lang='lat' dir='ltr'><strong>addantur3</strong></span> <span class='ocrx_word' id='word_1_306' title='bbox 1279 3630 1370 3694; x_wconf 89' lang='lat' dir='ltr'><strong>libris</strong></span> <span class='ocrx_word' id='word_1_307' title='bbox 1392 3642 1495 3694; x_wconf 85' lang='lat' dir='ltr'><strong>autem</strong></span> 
     </span>
    </p>
   </div>
   <div class='ocr_carea' id='block_1_12' title="bbox 53 3719 1496 3822">
    <p class='ocr_par' dir='ltr' id='par_1_12' title="bbox 53 3719 1496 3822">
     <span class='ocr_line' id='line_1_33' title="bbox 53 3719 1496 3822; baseline 0 -25"><span class='ocrx_word' id='word_1_308' title='bbox 53 3754 55 3769; x_wconf 75' lang='lat'>¹</span> <span class='ocrx_word' id='word_1_309' title='bbox 98 3802 105 3817; x_wconf 39' lang='lat'>¹</span> <span class='ocrx_word' id='word_1_310' title='bbox 141 3736 207 3822; x_wconf 23' lang='lat' dir='ltr'><strong>yde„</strong></span> <span class='ocrx_word' id='word_1_311' title='bbox 226 3733 407 3818; x_wconf 77' lang='lat' dir='ltr'><strong>Republica</strong></span> <span class='ocrx_word' id='word_1_312' title='bbox 437 3722 529 3804; x_wconf 87' lang='lat' dir='ltr'><strong>etde</strong></span> <span class='ocrx_word' id='word_1_313' title='bbox 552 3719 719 3819; x_wconf 81' lang='lat' dir='ltr'><strong>Legibus,</strong></span> <span class='ocrx_word' id='word_1_314' title='bbox 757 3753 841 3796; x_wconf 82' lang='lat' dir='ltr'><strong>nova</strong></span> <span class='ocrx_word' id='word_1_315' title='bbox 864 3731 1035 3818; x_wconf 87' lang='lat' dir='ltr'><strong>aliquando</strong></span> <span class='ocrx_word' id='word_1_316' title='bbox 1057 3752 1132 3794; x_wconf 82' lang='lat' dir='ltr'><strong>cura</strong></span> <span class='ocrx_word' id='word_1_317' title='bbox 1156 3733 1372 3811; x_wconf 86' lang='lat' dir='ltr'><strong>emendandis,</strong></span> <span class='ocrx_word' id='word_1_318' title='bbox 1398 3755 1496 3819; x_wconf 88' lang='lat' dir='ltr'><strong>quae·</strong></span> 
     </span>
    </p>
   </div>
   <div class='ocr_carea' id='block_1_13' title="bbox 131 3824 1495 4023">
    <p class='ocr_par' dir='ltr' id='par_1_13' title="bbox 131 3824 1495 4023">
     <span class='ocr_line' id='line_1_34' title="bbox 131 3824 1495 3920; baseline 0.001 -19"><span class='ocrx_word' id='word_1_319' title='bbox 131 3824 134 3831; x_wconf 11' lang='grc' dir='ltr'>λ</span> <span class='ocrx_word' id='word_1_320' title='bbox 165 3837 442 3920; x_wconf 73' lang='lat' dir='ltr'><strong>cuuqueLeges,</strong></span> <span class='ocrx_word' id='word_1_321' title='bbox 470 3836 610 3909; x_wconf 32' lang='lat' dir='ltr'><strong>,Senatus</strong></span> <span class='ocrx_word' id='word_1_322' title='bbox 640 3832 796 3900; x_wconf 85' lang='lat' dir='ltr'><strong>Consulta</strong></span> <span class='ocrx_word' id='word_1_323' title='bbox 828 3846 924 3919; x_wconf 87' lang='lat' dir='ltr'><strong>atque</strong></span> <span class='ocrx_word' id='word_1_324' title='bbox 951 3834 1103 3899; x_wconf 76' lang='lat' dir='ltr'><strong>eitismodi</strong></span> <span class='ocrx_word' id='word_1_325' title='bbox 1126 3834 1186 3899; x_wconf 86' lang='lat' dir='ltr'><strong>alia</strong></span> <span class='ocrx_word' id='word_1_326' title='bbox 1209 3835 1409 3919; x_wconf 69' lang='lat' dir='ltr'><strong>antiquitatis·</strong></span> <span class='ocrx_word' id='word_1_327' title='bbox 1425 3838 1495 3905; x_wconf 79' lang='lat' dir='ltr'><strong>Ro·</strong></span> 
     </span>
     <span class='ocr_line' id='line_1_35' title="bbox 163 3928 1495 4023; baseline 0.001 -21"><span class='ocrx_word' id='word_1_328' title='bbox 163 3934 493 4011; x_wconf 55' lang='lat' dir='ltr'><strong>mana-monumenta</strong></span> <span class='ocrx_word' id='word_1_329' title='bbox 507 3935 697 4022; x_wconf 85' lang='lat' dir='ltr'><strong>supersunt,</strong></span> <span class='ocrx_word' id='word_1_330' title='bbox 722 3936 908 4021; x_wconf 73' lang='lat' dir='ltr'><strong>ear-optimis</strong></span> <span class='ocrx_word' id='word_1_331' title='bbox 924 3928 1168 4002; x_wconf 83' lang='lat' dir='ltr'><strong>auetoritatibus</strong></span> <span class='ocrx_word' id='word_1_332' title='bbox 1183 3950 1329 4003; x_wconf 86' lang='lat' dir='ltr'><strong>accurate</strong></span> <span class='ocrx_word' id='word_1_333' title='bbox 1344 3940 1495 4023; x_wconf 81' lang='lat' dir='ltr'><strong>repetita.</strong></span> 
     </span>
    </p>
   </div>
   <div class='ocr_carea' id='block_1_14' title="bbox 0 0 1650 5490">
    <p class='ocr_par' dir='ltr' id='par_1_14' title="bbox 0 0 1650 5490">
     <span class='ocr_line' id='line_1_36' title="bbox 0 0 1650 5490; baseline 0 0"><span class='ocrx_word' id='word_1_334' title='bbox 0 0 1650 5490; x_wconf 95' lang='lat' dir='ltr'><strong> </strong></span> 
     </span>
    </p>
   </div>
  </div>
 </body>
</html>
