3188 5492
163 411 166 416 ·
246 386 313 455 ddi
672 388 875 457 nultum
903 332 1165 461 attolluntur

245 527 418 615 incomptis
450 526 611 616 unguinum
643 530 835 597 damnantes
866 552 1051 621 aaperoqne
1083 555 1143 605 ere
1173 533 1376 622 discerpunt,
1409 538 1545 625 voluptrii.

245 645 362 691 nomen
374 667 385 702 ,
408 625 615 702 suauitatem,
647 625 806 713 qudetem,
829 636 911 693 teste
933 628 1059 713 populo
1080 648 1306 717 exaggerans,
1330 631 1427 696 instat
1447 635 1546 714 aare,

246 729 283 785 ut
301 716 363 783 nisi
384 715 423 783 en
442 720 555 785 beatus
573 739 669 789 numo
688 741 758 789 esse
775 742 876 805 posse
892 721 1054 789 uideatur.
1096 724 1138 789 ln
1157 746 1296 811 quorum
1316 727 1419 793 rixam
1448 728 1473 792 ai
1489 730 1547 793 Aes·

198 805 218 885 ’,
245 812 387 877 demicus
415 812 616 892 incurrerit,
651 825 809 901 utrosque
835 816 941 883 audiet
962 819 1127 884 trahentes
1148 841 1183 884 se
1206 823 1247 885 ad
1272 843 1349 886 auae
1368 835 1488 905 partes:
1513 827 1548 888 sed

244 907 323 975 siin
342 908 417 974 illos
439 919 495 973 sut
515 907 548 973 iu
568 909 650 976 istos
673 911 890 990 concesserit,
913 916 955 981 ab
977 913 1025 978 eis
1046 934 1130 997 quos
1151 913 1291 991 deserit,
1314 916 1459 992 insanus,
1478 916 1549 1000 iupe-

243 1001 327 1067 ritus
361 1002 615 1089 temerariusque
640 1005 844 1071 clamabitur.¹
896 1007 1011 1094 Itaque
1040 1029 1138 1094 quum
1168 1021 1201 1074 et
1230 1011 1293 1073 hac
1317 1023 1351 1076 et
1380 1010 1455 1074 illac
1473 1031 1548 1074 amen

244 1096 418 1182 diligenter
441 1098 644 1177 admoverit,
676 1086 897 1187 inmundum
916 1103 994 1188 quid
1015 1102 1045 1167 ei
1067 1102 1237 1179 videatur,
1262 1103 1411 1169 dubitare
1432 1127 1464 1169 se
1482 1105 1548 1169 dieat

174 1200 178 1205 ’
243 1193 343 1277 Roga
364 1213 449 1257 nune
471 1191 634 1270 Stoicum,
673 1193 744 1279 quis
770 1195 812 1261 sit
837 1198 971 1272 melior,
1007 1196 1232 1281 Epicurusne,
1257 1199 1313 1284 qui
1338 1198 1470 1263 delirare
1489 1200 1549 1264 illm

242 1288 380 1363 elamat,
410 1308 449 1351 an
477 1287 710 1366 Academicus,
734 1289 790 1374 qui
814 1289 876 1355 sibi
896 1293 1001 1357 adhuc
1028 1294 1069 1357 de
1088 1313 1125 1357 rc
1146 1305 1236 1358 tanta
1257 1293 1488 1359 deliberandum
1505 1314 1549 1357 csse

243 1382 444 1466 pronuntiat.
499 1384 610 1448 Nemo
631 1382 754 1449 dubitat
775 1384 1002 1451 Academicum
1024 1387 1203 1470 praelatum
1227 1385 1285 1451 lri.
1341 1389 1466 1453 Rursus
1483 1401 1508 1450 te
1525 1391 1550 1449 ad

138 1494 144 1505 ’
242 1474 333 1543 illum
355 1488 533 1554 converte,
557 1487 591 1541 et
613 1498 755 1563 quaeum
776 1501 873 1563 quem
890 1480 993 1565 magis
1014 1493 1122 1558 amet,
1145 1483 1335 1564 Zenonem,
1361 1503 1459 1568 aquo
1477 1480 1550 1545 bestia

231 1571 443 1648 'nominatur,
477 1592 518 1635 an
538 1572 738 1653 Arcesilam,
770 1595 877 1660 aquo
900 1575 1007 1640 andita
1039 1576 1094 1641 Tu
1112 1575 1262 1641 fortasse-
1276 1596 1390 1641 verum
1405 1574 1495 1651 dieis,
1512 1576 1550 1637 sed

243 1665 404 1752 requiram
426 1665 623 1751 diligentius.
679 1669 796 1735 Nonne
819 1681 965 1752 apertum
985 1679 1053 1746 est,
1080 1679 1180 1735 tutam
1203 1669 1289 1735 illam
1310 1669 1469 1754 porticum
1489 1667 1548 1732 irra-

243 1782 335 1837 nam,
369 1758 583 1827 Academicos
605 1772 711 1831 cutm
731 1783 810 1844 prae
832 1762 898 1827 illis
919 1765 1084 1829 modestae
1110 1776 1287 1851 cautosque
1315 1766 1460 1830 homines
1477 1760 1548 1825 vidui

242 1856 391 1940 Epicuro
403 1854 426 1919 l-
454 1857 507 1921 Ita
530 1868 693 1942 peraeque
715 1877 820 1940 prope
840 1859 884 1921 de
907 1857 1056 1923 omnibus
1082 1857 1178 1923 rectia
1208 1857 1433 1955 copiosissime
1461 1855 1547 1922 Cicero

240 1949 501 2017 iucrmdimimnm
529 1948 712 2034 legentibus
740 1948 832 2036 quasi
859 1951 1089 2033 spernendum,
1104 1953 1258 2034 praebet,
1292 1954 1381 2017 velut
1414 1952 1550 2017 munden

242 2043 366 2109 nrdlum
385 2042 517 2111 illorum
539 2064 628 2119 esse,
660 2043 716 2129 qui
735 2065 803 2108 non
832 2064 931 2129 quum
958 2044 1022 2111 sibi
1045 2043 1163 2128 primas
1183 2057 1296 2129 partes
1314 2045 1455 2122 Μήτ’,
1487 2043 1547 2129 quud

242 2158 374 2205 neeesse
396 2147 467 2214 est,
491 2139 646 2213 secundas
668 2137 698 2219 ei
718 2137 803 2203 dieat
824 2140 924 2213 dare,
948 2159 1042 2224 quem
1056 2160 1340 2226 nourepugnare,
1365 2143 1424 2205 sed
1437 2138 1546 2202 diditus

241 2222 461 2317 conspexerit.
516 2231 556 2297 In
586 2252 658 2318 quo
683 2253 746 2319 ego
776 2231 853 2297 nihil
883 2234 1103 2310 adversarer,
1141 2237 1222 2299 uee²
1251 2234 1297 2299 eis
1323 2236 1420 2300 ullam
1440 2233 1545 2298 ausum

240 2326 394 2414 gloriam.
452 2324 612 2395 Videatur
639 2347 716 2392 saue
744 2324 940 2411 quibueltlret
962 2324 1082 2393 Cicero
1102 2328 1156 2395 hie
1178 2350 1244 2395 uon
1270 2327 1418 2406 iocatus,
1446 2330 1494 2393 sed
1514 2325 1545 2387 in·

242 2421 314 2485 ania
333 2432 368 2487 et
388 2430 523 2487 ventosa
546 2422 722 2504 quaedam,
743 2423 833 2506 quod
862 2423 903 2485 alr
924 2419 1069 2504 ipsorum
1091 2423 1329 2491 Grseerdorum
1351 2423 1492 2490 levitate³
1507 2419 1544 2482 alr

206 2524 209 2531 ’
241 2517 418 2591 horreret,
441 2514 537 2607 sequi
555 2524 590 2579 st
608 2512 766 2600 colligere
787 2514 942 2583 voluisse.

247 2631 250 2637 ·
327 2609 434 2676 vul.
463 2609 518 2675 tt.
547 2608 635 2691 Quid
663 2608 748 2677 euim
776 2630 829 2673 me
850 2609 1001 2693 impedit,
1033 2610 1109 2698 quin
1129 2611 1157 2678 si
1177 2611 1253 2677 huie
1275 2610 1409 2679 vanitati
1429 2606 1568 2685 mmm

239 2703 355 2782 uelim,
388 2703 484 2770 facile
507 2706 694 2783 ostendam,
724 2716 845 2789 quanto
867 2706 971 2771 miurus
992 2705 1107 2771 malum
1137 2706 1179 2773 nit
1206 2705 1372 2775 indoctum
1394 2727 1459 2770 esse
1477 2721 1543 2787 quun
1567 2700 1568 2711 ’

213 2788 423 2869 indocilem.
481 2799 574 2865 Unde
601 2799 660 2875 nr,
690 2810 726 2864 ut
753 2820 851 2885 quum
873 2800 982 2866 seille
1004 2800 1218 2869 Academicus
1244 2800 1462 2866 iactanticulns
1480 2792 1543 2883 quasi

240 2892 430 2978 dieciprrlum
451 2892 586 2979 singulis
608 2894 752 2972 dederit,
775 2915 935 2981 nemoque
958 2893 1006 2961 illi
1025 2897 1116 2980 quod
1133 2916 1168 2961 se
1183 2895 1265 2961 scire
1279 2906 1373 2979 putat
1387 2893 1542 2979 persuadere

238 2988 404 3072 potnerit,
428 3008 542 3074 magna
564 2987 695 3069 illorum
716 2980 830 3075 pbstea
851 2988 1063 3057 consensione
1083 2987 1240 3063 rideatur.
1292 2988 1361 3053 lam
1386 2987 1463 3053 euim
1480 2982 1542 3069 quir
1566 3034 1567 3069 ,

215 3103 303 3167 »que
323 3081 419 3149 alium
442 3080 616 3166 quemlibet
638 3081 894 3149 aduersariorum
916 3080 1150 3155 suorumnihil
1180 3080 1347 3160 didicisse,
1382 3084 1462 3149 hune
1485 3092 1541 3143 vett
1566 3080 1567 3105 ¹

238 3175 319 3243 nihil
338 3197 438 3259 posse
459 3176 584 3243 nuere
604 3170 769 3245 iudicabit.
813 3178 951 3264 Exque
975 3175 1123 3259 deinceps
1145 3176 1185 3241 de
1208 3176 1349 3241 omnium
1371 3174 1481 3243 scholis
1497 3186 1540 3233 nun

236 3270 370 3348 ferulis,
393 3273 483 3355 quod
504 3283 590 3337 esnet
612 3271 788 3337 deformius
809 3292 906 3356 quam
927 3270 1115 3348 molestius,
1139 3271 1198 3345 scd
1217 3269 1350 3335 illorum
1372 3271 1540 3355 palliatorum

237 3364 340 3433 clauis
361 3375 395 3431 et
414 3365 553 3433 stratibus
570 3364 775 3449 proiicietur.
819 3368 896 3432 Non
913 3364 995 3428 euim
1011 3384 1165 3450 maguum
1176 3363 1342 3449 negotium
1356 3364 1437 3439 erit,
1458 3368 1540 3424 eunus
1565 3420 1566 3465 q

238 3482 438 3536 eommrmem
460 3471 581 3543 pestem
598 3460 685 3527 uelut
699 3461 864 3529 Herculea
877 3460 1033 3546 quaedam
1049 3457 1217 3541 postulare
1229 3458 1346 3523 auxilia
1362 3458 1538 3541 Cynicorum·
1565 3472 1566 3479 ¹

238 3555 275 3623 Si
295 3568 399 3623 autem
421 3556 484 3621 ieta
507 3553 787 3640 uilissimngloria
817 3578 904 3623 cum.
921 3555 973 3623 his
1001 3566 1127 3621 certare
1155 3548 1273 3630 libeat,
1311 3556 1402 3638 quod
1427 3548 1538 3636 philoso-

236 3650 349 3734 phanti
375 3648 454 3715 mihi
481 3648 544 3715 iam
572 3650 718 3734 quidem,
754 3652 809 3714 sed
839 3651 980 3714 noudum
1008 3647 1142 3732 sapienti
1169 3646 1318 3715 facilium
1341 3646 1433 3713 uenia
1451 3657 1537 3707 ectet-

128 3780 141 3809 s
237 3745 374 3815 walum
393 3755 463 3822 cot,
487 3743 747 3827 quid-habebunt
767 3747 856 3829 qnod
877 3742 1000 3827 possint
1021 3743 1197 3811 refellere?
1219 3742 1308 3809 Eece
1323 3742 1406 3807 enim
1419 3739 1537 3807 lacunas

233 3860 286 3903 me
316 3850 412 3923 atque
441 3837 669 3902 Academicum
697 3835 730 3900 iu
760 3836 830 3909 illas
862 3839 934 3902 lites
966 3837 1238 3923 philosophorum
1268 3837 1421 3901 irruisse:
1453 3841 1534 3895 cnoel
1564 3862 1565 3867 κ

234 3952 372 4017 pronatae
394 3932 509 4003 adsint.
553 3933 729 4015 Equnsnt
743 3933 887 4001 breviter
901 3952 965 4015 pro
984 3928 1130 4015 tempore
1145 3931 1319 3997 sententias
1335 3952 1420 3994 suas.
1459 3926 1535 4029 01¹3*

235 4038 327 4093 natam
349 4030 388 4092 de
410 4026 578 4093 Carneade
599 4025 676 4111 quid
696 4026 823 4109 sentiat.
875 4026 1035 4093 Dubitare
1056 4046 1090 4090 se
1113 4024 1211 4091 diuet.
1262 4026 1377 4109 Itaque
1398 4024 1475 4093 illum
1491 4034 1533 4080 uu·

109 4176 110 4185 ,
237 4123 310 4208 guli
329 4123 513 4206 praeferent
533 4121 663 4187 ceteris.
715 4114 812 4208 Ergo
835 4141 946 4189 omnes
969 4119 1137 4187 omnibus:
1170 4127 1286 4205 magua
1306 4119 1449 4185 nimirum
1468 4122 1564 4205 arque*

236 4218 392 4291 altissima
413 4217 530 4303 gloria.
575 4215 656 4297 Quis
674 4215 769 4281 istum
791 4216 872 4283 nolit
894 4213 1035 4281 imitari?
1058 4215 1103 4281 Et
1124 4234 1189 4299 ego
1211 4214 1319 4299 itaque
1340 4214 1531 4304 iuterrogatus
1563 4228 1564 4261 l

110 4352 114 4361 ·
137 4312 170 4373 ſs
235 4312 320 4377 idem
343 4314 566 4395 respoudeb03
589 4331 650 4394 par
672 4309 733 4375 erit
754 4311 837 4377 lans.
893 4310 944 4375 Ea
965 4309 1067 4394 igitur
1090 4307 1197 4395 gloria
1219 4309 1338 4394 gaudet
1359 4305 1488 4389 sapiens,
1513 4309 1533 4354 u

236 4426 301 4491 qua
321 4405 369 4473 illi
389 4406 506 4469 stultus
528 4404 707 4490 aequatur?
741 4400 850 4487 Quid?
871 4403 899 4470 si
922 4424 993 4469 eum
1016 4402 1112 4469 etiam
1133 4402 1229 4471 facile
1252 4401 1407 4485 superat?
1439 4387 1531 4462 umus

196 4576 199 4581 ,
235 4498 455 4586 sgitpndur?
476 4501 677 4567 Nuntiatum
698 4498 925 4564 Academicum
945 4496 1006 4561 iam
1022 4499 1061 4561 de
1076 4496 1195 4565 iudicio
1214 4496 1423 4561 meramnum
1436 4487 1531 4555 tenebo·
1562 4548 1563 4589 3

236 4595 366 4683 Quippe
388 4593 513 4663 audior
534 4593 716 4660 huiuamodi
737 4592 893 4678 uictoriae
916 4589 1047 4657 stultitia
1071 4600 1132 4661 ent.
1177 4591 1273 4676 Ergo
1296 4613 1336 4656 en
1350 4594 1530 4662 retentuptll‘
1562 4594 1563 4649 l

234 4691 307 4753 dam
329 4689 484 4755 iudicibus
505 4691 595 4775 quand
614 4689 785 4774 ignorant3
821 4699 854 4751 et
874 4686 996 4760 dimm,
1029 4685 1126 4770 Ego,
1158 4684 1222 4751 uiui
1248 4685 1378 4770 optimi,
1408 4687 1461 4748 hoe
1482 4685 1530 4733 cm

76 4820 84 4844 .
199 4784 297 4869 pisto
318 4803 487 4869 commune
507 4783 631 4858 habeo,
656 4784 746 4866 quod
766 4780 891 4847 dubitat
912 4778 984 4866 quia
1008 4782 1151 4846 vestrum
1165 4801 1279 4845 uerum
1297 4789 1453 4863 sequatur.
1486 4756 1528 4826 Sed
1561 4856 1562 4861 ἵ

175 4906 179 4915 s
233 4878 387 4941 habemus
417 4877 511 4941 etiam
538 4874 691 4959 propriae
719 4873 910 4949 sententias,
946 4870 1131 4956 dequibus
1164 4883 1242 4955 peto
1271 4868 1425 4939 iudicetis.
1471 4860 1527 4965 ΠΨ

142 5040 144 5051 Α
232 4970 314 5039 snrihi
342 4970 495 5037 incertum
524 4983 573 5035 est
602 4969 751 5056 (pridem,
788 4967 932 5055 quamvis
962 4965 1113 5052 audiet-iun
1143 4969 1271 5033 decreta
1292 4980 1416 5046 vestra,
1445 4959 1485 5025 ult
1500 4954 1526 5011 ⁵¹¹
1560 4960 1562 5051 l
