3252 5490
303 428 310 467 ·¹
381 456 392 477 «
496 435 623 500 amn.
648 432 696 502 11.
734 433 776 501 o.
800 436 854 501 aa.
879 436 932 503 as.
1126 458 1131 467 ·
1338 414 1416 511 na
1496 456 1498 461 ·

66 592 95 644 et
110 577 235 645 familia
258 588 393 663 vestra,
409 587 441 641 et
461 573 602 642 nomine.
657 576 702 641 Et
722 578 855 666 hercule
877 579 972 661 mihi¹
994 582 1046 646 vir
1069 581 1215 665 optimus
1230 584 1398 673 nostrique
1441 568 1445 573 ’

65 675 312 750 amantissimus,
337 675 381 738 A.
407 674 614 757 Torquatus,
637 687 788 738 versatur
809 686 881 740 ante
904 677 1037 740 oculos:
1061 679 1150 741 cuius
1166 692 1317 763 quantum
1331 693 1399 745 stu·
1450 669 1454 675 ⁴

64 768 268 833 diumlucrit
291 781 323 832 et
345 790 439 851 quam
461 768 608 853 insignel
631 790 708 855 erga
731 790 781 832 me
803 771 1002 852 temporibus
1023 771 1105 850 illis,
1130 794 1213 859 quae
1236 787 1311 838 uota
1326 786 1412 838 sunt.

64 866 229 942 omnibus,
270 866 352 931 scire
377 882 505 929 necesse
528 876 576 928 est
598 876 768 948 utrumqne
791 876 973 938 vestrum.¹
1006 867 1096 948 Quae
1125 867 1201 931 mihi
1229 868 1308 951 ipsi,
1344 868 1400 954 qui

63 961 137 1049 volo
161 974 193 1025 et
215 983 306 1039 esse,
332 972 365 1025 et
385 960 498 1044 haberi
520 972 649 1044 gratus,
675 969 768 1044 grata
791 980 856 1023 non
872 971 995 1038 essent,
1020 960 1079 1024 nisi
1095 984 1164 1026 eum
1180 964 1398 1045 perspicerem

63 1079 128 1120 mea
150 1073 248 1120 causa
272 1056 349 1119 mihi
367 1054 503 1118 ‘amicum
524 1054 645 1128 fnisse,
670 1070 735 1117 non
757 1073 831 1117 sua:
856 1053 917 1116 nisi
939 1056 1001 1118 hoc
1023 1055 1120 1133 dicis,
1144 1078 1221 1134 sua,
1247 1059 1400 1140 quodin·

63 1162 165 1214 terest-
178 1149 325 1214 omnium
347 1156 434 1212 recte
451 1141 576 1211 lacere.
633 1144 668 1210 Si
688 1144 840 1225 leticia,
865 1149 1010 1212 vicimus.
1062 1151 1102 1214 Id
1124 1150 1205 1214 enim
1229 1153 1397 1230 volumus,

63 1246 94 1310 id
114 1243 356 1321 contendimus,
380 1256 416 1307 ut
438 1242 534 1307 offleii
555 1242 679 1307 fructus
701 1242 748 1317 sitx
761 1243 865 1327 ipsum
889 1243 1040 1307 officium.
1086 1245 1400 1310 annositatem
1495 1245 1498 1255 '

54 1362 124 1405 'non
145 1340 236 1416 vult,
270 1338 482 1423 omnibusque
505 1359 546 1399 ex
567 1339 663 1400 rebus
685 1336 903 1420 voluptatem,
922 1337 1028 1421 'quasi
1051 1340 1245 1414 mercedem,
1284 1340 1398 1426 exigit.

66 1437 124 1500 Sed
145 1435 185 1497 ad
208 1432 299 1496 illu'm
321 1434 433 1496 redeo.
480 1431 515 1494 Si
538 1429 711 1513 voluptatis
734 1448 922 1496 causacum
945 1434 1041 1503 Gallo
1065 1435 1148 1515 apud
1171 1433 1326 1496 Anienem
1343 1437 1400 1497 de-

64 1527 218 1614 pugnavit
239 1537 460 1611 provocatus,
486 1537 518 1587 et
540 1546 581 1587 ex
603 1524 670 1587 citis
693 1524 803 1606 spoliis
827 1525 888 1589 sibi
910 1539 940 1589 et
968 1537 1139 1611 torquem,
1162 1538 1194 1589 et
1216 1532 1399 1611 cognomen
1492 1608 1494 1619 .

65 1621 169 1698 induit,
195 1623 317 1685 ullam³
342 1620 433 1683 aliam
459 1622 501 1682 ob
525 1638 670 1695 cansam,
693 1619 755 1684 nisi
776 1624 865 1704 qnod
887 1620 916 1684 ei
938 1620 1012 1684 talia
1033 1621 1117 1684 sacta
1141 1616 1237 1706 digna
1262 1621 1333 1686 vito
1349 1621 1399 1684 vi·
1432 1668 1434 1689 .
1461 1678 1467 1694 Ι

66 1718 235 1793 dedantur3
259 1717 385 1805 fortem
403 1734 467 1778 non
490 1714 582 1795 puto.
627 1713 696 1775 Iam
719 1713 746 1775 si
766 1716 903 1795 pudori,
928 1715 956 1778 si
977 1713 1151 1790 modestia,
1176 1715 1203 1778 si
1224 1712 1395 1798 pudicitia,

66 1812 105 1886 si,
124 1832 192 1877 arno
215 1812 341 1886 verbo,
376 1806 604 1890 temperantia,
638 1826 763 1890 poenae
786 1820 839 1871 aut
861 1808 1007 1872 infamiae
1030 1821 1116 1872 metu
1139 1811 1419 1884 coercebuntur,

66 1928 123 1970 non
145 1906 318 1971 sanctitate
340 1925 396 1966 sna
415 1924 448 1982 se
464 1904 657 1965 tuebuntur:
681 1905 769 1987 quod
785 1902 993 1978 adulterium,
1018 1906 1106 1988 quod
1121 1918 1278 1987 stuprum,
1296 1905 1399 1986 qnae⁵

66 1998 158 2063 libido
181 2022 249 2064 non
273 1997 330 2063 sel
351 1995 509 2081 proripiet
539 2018 576 2058 ac
604 1997 775 2079 proliciet,
810 2008 863 2059 aut
886 1999 1098 2062 occultatione
1120 1996 1306 2080 proposita,
1343 2007 1400 2060 aut

66 2091 266 2175 impunitate,
299 2092 373 2155 aut⁷
395 2090 553 2155 licentia?
581 2093 634 2154 ll.
659 2091 772 2173 Quid?
801 2080 898 2165 illud,
928 2095 1118 2176 Torquate,
1150 2093 1244 2175 quale
1272 2093 1399 2154 tandem

67 2187 210 2252 iidetur?
233 2201 266 2252 te
280 2187 344 2252 isto
360 2186 500 2262 nomine,
523 2183 666 2270 ingenio,
693 2186 809 2270 gloria,
834 2206 916 2270 quae
935 2184 1027 2262 facis,
1053 2206 1133 2271 qnae
1150 2186 1292 2271 cogitas,
1317 2196 1402 2270 quae

68 2282 245 2359 contendis,
272 2304 337 2367 quo
356 2271 500 2356 referas,
523 2280 612 2344 cuius
634 2279 682 2342 rei
704 2300 797 2343 carisa
819 2279 997 2363 perficere,
1022 2298 1103 2364 quae
1126 2281 1271 2356 conaris,
1297 2279 1394 2354 vells,

68 2375 155 2458 quid⁸
178 2377 335 2459 optimum
358 2375 493 2459 deniqne
514 2374 547 2437 in
568 2373 635 2438 vita
657 2373 798 2451 iudices,
822 2395 887 2438 non
910 2376 1027 2438 audere
1042 2374 1072 2438 in
1089 2386 1250 2439 conventu
1264 2371 1400 2437 dicere?

68 2468 135 2549 quid
156 2469 237 2536 enim
262 2469 379 2533 mereri
400 2469 500 2545 velis,
524 2468 586 2531 iam
609 2468 726 2552 quum⁹
750 2468 966 2554 magistratum
988 2464 1094 2532 inieris
1114 2469 1193 2532 etin
1209 2469 1397 2538 concionem

67 2564 283 2640 adscenderis,
318 2566 380 2643 (est
410 2562 491 2627 enim
520 2562 578 2625 tibi
610 2563 812 2640 edicendtun,
852 2583 934 2646 qnae
956 2563 1000 2626 sis
1023 2563 1253 2627 observaturus
1274 2560 1400 2626 iniure

67 2657 214 2722 dicendo:
244 2669 276 2722 et
296 2658 436 2722 sortasse
452 2655 564 2732 etiam,
589 2658 616 2719 sl
629 2656 686 2719 tlbi
702 2656 761 2720 erit
777 2657 896 2732 risum,
921 2656 1039 2740 aliquid
1065 2659 1103 2722 de
1124 2656 1298 2720 maioribus
1320 2656 1395 2732 tuis,

68 2763 95 2814 et
114 2754 149 2816 de
170 2764 204 2816 te
225 2753 302 2834 ipso
319 2751 418 2827 dices,
442 2771 533 2814 more
549 2744 718 2829 maiorum)
733 2786 775 2797 -
789 2751 865 2834 quid
880 2748 1031 2814 merearis
1043 2751 1154 2836 igitur,
1178 2763 1214 2813 nt
1228 2764 1259 2813 te
1274 2749 1398 2813 dicas¹⁰

45 2843 95 2907 ‘in
115 2867 152 2911 eo
175 2846 368 2932 magistratu
390 2844 493 2908 omnia
517 2842 690 2926 voluptatis
713 2864 806 2907 causa
829 2845 988 2908 facturum
1011 2844 1104 2907 esse?
1129 2856 1225 2929 teque
1247 2843 1326 2907 nihil
1347 2843 1396 2906 fe-

68 2938 139 3002 cisse
159 2940 191 3002 in
213 2940 283 3003 vita
305 2938 366 3003 nisi
381 2935 562 3019 uoluptatis
586 2937 705 3001 causa?
727 2974 769 2985 -
798 2939 851 3002 An
876 2961 944 3015 me,
967 2938 1119 3023 inquis11,
1153 2950 1216 3001 tam
1239 2948 1395 3001 amentem
1442 2941 1445 2947 ’

21 3110 23 3113 Υ
50 3043 169 3112 putas,
192 3045 230 3097 ut
254 3035 337 3116 apud
358 3032 524 3114 imperitos
546 3030 611 3094 isto
634 3034 731 3095 modo
753 3032 893 3116 loquar?
914 3069 956 3086 -ψ
977 3036 1024 3097 At
1045 3045 1079 3096 tu
1102 3035 1210 3096 eadem
1224 3034 1283 3095 ista
1300 3033 1350 3094 me
1363 3030 1396 3094 in

67 3121 196 3204 iudicio,
214 3141 289 3203 arit,
307 3126 333 3190 si
348 3144 502 3193 coronam
517 3123 628 3201 times‘,
646 3127 698 3190 die
711 3124 742 3189 in
758 3140 881 3191 senato.
912 3130 1080 3212 Nunquam
1093 3126 1204 3191 facies.
1237 3126 1318 3202 Cur,
1335 3119 1397 3190 nisi

70 3223 149 3301 quod
172 3221 278 3305 turpis
306 3221 411 3286 oratio
429 3219 545 3284 *estwt
578 3220 678 3284 Mene
702 3241 790 3306 »ergo
816 3232 848 3284 et
877 3221 1038 3285 Triarium
1053 3221 1183 3307 ‚dignos
1213 3219 1395 3296 existimas,

70 3316 145 3393 apud
165 3338 250 3400 quos
273 3312 593 3398 tiupiterldquare?
782 3326 786 3333 ¹
1132 3380 1135 3386 ,
1179 3328 1190 3345 ”
1323 3398 1325 3403 Α

110 3468 111 3471 ,
145 3410 285 3474 XXIII.
310 3411 363 3473 75.
387 3410 529 3484 Verum,
561 3419 645 3473 esto.
699 3409 843 3472 Verbum
872 3407 977 3491 ipsum
998 3406 1181 3490 'voluptatis
1210 3408 1398 3471 nonhabet

71 3498 265 3585 dignitatem
289 3524 347 3567 nee
369 3505 464 3567 nos¹³
485 3504 625 3567 fortasse
646 3503 874 3588 intelligimus:
899 3503 964 3566 hoe
986 3502 1067 3565 enim
1089 3501 1260 3565 identidem
1275 3500 1393 3575 dicitis.

71 3611 128 3656 non
141 3594 319 3683 intelligere
338 3610 417 3674 nos,
436 3597 658 3683 quamdicatis
674 3597 871 3680 voluptatem
882 3597 919 3658 ¹¹⁴.
953 3597 1033 3660 Rem
1050 3595 1140 3658 videi
1152 3596 1177 3635 ¹⁵
1190 3594 1347 3667 difficilem
1364 3605 1399 3657 et
1466 3644 1471 3651 ,

72 3687 246 3761 obscuram.
280 3691 450 3755 Indiuidua
469 3712 566 3777 quum
586 3691 735 3768 dicitisll,
753 3702 785 3755 et
799 3690 1029 3768 intermundia,
1054 3713 1136 3774 quae
1152 3707 1211 3752 nee
1226 3701 1298 3752 sunt
1313 3690 1397 3765 ulla,

71 3762 124 3844 lieo
132 3798 266 3865 possunt
278 3807 359 3863 esse,
373 3784 593 3871 intelligimus:
606 3786 767 3868 uoluptas,
779 3807 861 3869 quae
870 3785 1051 3867 passeribus
1061 3783 1207 3849 omnibns
1217 3796 1292 3848 nota
1301 3795 1349 3847 est
1355 3782 1395 3861 ¹⁷,

75 3892 1384 3925 Q——q-d-——d-——W
1456 3924 1461 3929 ,

100 3944 107 4008 s
138 3955 211 4031 (¹)e
232 3957 302 4013 Cdd.
322 3958 405 4013 (lent.
428 3959 508 4032 Seqq.
529 3987 564 4004 -
586 3958 668 4028 modo
688 3960 809 4013 Priores.
854 3960 893 4033 (²)
913 3978 927 4011 e
948 3957 1016 4012 edd.
1038 3960 1074 4014 G.
1095 3964 1122 4018 2.
1141 3981 1179 4029 =
1198 3967 1227 4009 et
1244 3975 1326 4030 param
1345 3963 1398 4011 ins.
1435 4014 1445 4025 ,

66 4022 153 4094 suerit
171 4037 291 4089 Priores.
339 4035 378 4101 (³)
398 4034 447 4089 Sic
467 4040 497 4090 P.
519 4038 599 4096 11180.
619 4035 708 4088 Mars.
729 4037 770 4088 M.
790 4035 821 4088 L.
842 4035 877 4089 D.
896 4035 979 4107 Seqq.
1000 4064 1039 4077 -
1057 4035 1164 4087 mallem
1182 4032 1252 4087 Cdd.
1272 4038 1342 4086 noti.
1363 4031 1398 4086 V.

74 4102 145 4160 Grut.
192 4111 231 4178 (4)
257 4099 376 4165 aean.
396 4116 423 4162 st·
438 4110 531 4183 paedor
551 4113 579 4164 P.
601 4110 697 4181 M.L.
717 4114 787 4176 (non
799 4110 854 4164 'Cn
873 4114 920 4178 V.)
973 4108 1011 4175 (⁵)
1031 4139 1067 4153 --
1087 4126 1399 4182 quo--quo--quo

74 4176 136 4234 02¹.
154 4185 195 4237 De
212 4185 248 4239 D.
270 4182 300 4242 (ζ.
318 4185 388 4240 Ean.
408 4194 434 4243 1.
475 4186 570 4253 (11)-
589 4204 619 4237 ee
638 4202 695 4237 non
716 4187 746 4241 V.
786 4184 824 4260 (⁷)
843 4212 881 4228 -
900 4204 934 4236 oc
953 4186 985 4243 L.
1005 4186 1089 4239 solut.
1111 4214 1149 4227 —
1169 4195 1198 4237 et
1217 4185 1252 4237 D.
1293 4184 1330 4249 (³)
1351 4184 1401 4236 Sic

74 4251 134 4308 edd.
152 4258 216 4333 aliq.
235 4261 277 4315 M.
299 4262 329 4316 L.
349 4262 386 4314 D.
406 4262 451 4321 Br.
472 4289 509 4304 -
527 4262 603 4332 praed
620 4263 721 4314 Ceteri.
742 4260 780 4331 (⁹)
800 4277 838 4302 -ι-
850 4251 932 4331 paciani
950 4269 983 4313 tu
1002 4260 1073 4319 Cdd.
1095 4261 1161 4332 aliq.
1175 4263 1209 4314 V.
1224 4261 1259 4314 D.
1279 4258 1330 4334 (¹⁰)
1350 4258 1399 4310 Sic

74 4326 110 4382 M·
124 4332 152 4386 L.
165 4330 245 4409 Seqq.
263 4362 302 4380 -
321 4344 353 4395 rat
372 4335 452 4388 dicas
470 4346 498 4388 te
518 4334 593 4392 cdd:
608 4336 706 4412 pleriq.
725 4335 796 4390 Edd
816 4351 893 4389 meae
912 4334 977 4404 ante
997 4338 1040 4396 M.
1062 4342 1144 4397 1555.
1183 4336 1237 4408 (11)
1257 4364 1295 4379 -
1307 4338 1399 4409 inquit

75 4400 138 4460 ort.
158 4427 199 4482 pr.
218 4415 288 4466 Ven.
310 4415 393 4470 1494.
413 4412 500 4480 (nulle
520 4417 669 4479 mearum.)
689 4412 768 4485 prob.
789 4412 919 4470 Walter.
967 4414 1018 4478 (11)
1039 4411 1087 4466 Sic
1108 4411 1177 4466 Cdd.
1198 4412 1263 4481 aliq.
1284 4440 1323 4455 -
1341 4414 1398 4460 nist

74 4481 138 4545 111ωᾶ
154 4493 174 4537 t.
191 4492 236 4538 eet
254 4505 280 4540 ο.
307 4489 417 4551 Ceteri,
463 4504 554 4542 raoter
573 4490 608 4541 D.
629 4488 694 4541 Set.
715 4494 765 4559 2.,Ὶ
784 4493 831 4560 qui
852 4503 915 4541 oum
937 4486 1007 4548 edd.
1029 4487 1094 4559 alliq.
1112 4493 1225 4541 denisi
1244 4492 1337 4558 turpis
1355 4492 1399 4536 est
1441 4545 1444 4550 Ι

75 4568 107 4618 ⁰·s
123 4560 218 4627 et·G.,
240 4567 287 4633 qni
305 4580 371 4616 cnm
392 4508 462 4617 CM).
483 4564 563 4636 aliq:
583 4564 694 4618 eo'nisi
712 4572 735 4617 t.
753 4582 780 4617 o.
800 4572 852 4616 est.
880 4561 1036 4617 Videndum
1064 4569 1094 4617 iu
1121 4563 1239 4630 talibus,
1266 4579 1301 4615 ne
1327 4559 1402 4632 qrtod
1437 4570 1439 4575 ’

75 4642 133 4682 nota
148 4635 190 4704 qd.
208 4643 345 4712 scriptum
365 4638 500 4692 exciderit
519 4645 632 4713 potius,
661 4654 744 4714 quam
764 4656 780 4692 a
804 4641 865 4693 Cic.
892 4644 954 4714 ipse
981 4645 1125 4699 omissum.
1143 4637 1239 4692 fuerit.
1289 4636 1340 4705 (1³)
1359 4646 1410 4679 -·’

75 4717 120 4754 11111
135 4708 166 4763 V·
203 4713 253 4783 (ta)
275 4730 342 4768 oum
358 4714 429 4769 cdd.
450 4716 537 4768 Mart.
557 4716 605 4777 Cr,
626 4716 662 4772 G.
681 4720 712 4773 2.
729 4744 767 4758 -
784 4716 842 4768 vol.
862 4732 946 4787 quam
965 4714 1018 4773 die.
1038 4719 1068 4770 P.
1087 4717 1120 4772 V.
1140 4715 1184 4770 M.
1204 4715 1236 4767 L.
1256 4715 1293 4767 Ι).
1309 4722 1334 4769 1.
1348 4709 1397 4765 Bi.
1438 4720 1441 4725 '

76 4773 170 4852 (lieo
187 4789 318 4842 videlieet
337 4791 378 4844 M.
399 4792 430 4844 L.
451 4789 519 4844 Lall.
540 4789 606 4846 Scia.
627 4796 654 4845 2.
674 4794 775 4845 Verum
796 4788 919 4845 videtur.
947 4791 1000 4858 „ln
1019 4791 1098 4845 Mra·
1111 4786 1308 4864 compendiose
1328 4790 1402 4842 seri-

76 4847 214 4916 literram
231 4865 290 4929 aid.
309 4859 479 4938 dtffleilem.”
497 4865 570 4918 Lall.
589 4866 711 4919 ·-÷·,·vide
735 4867 803 4919 Ero.
823 4884 898 4940 susp.
925 4888 964 4915 ια-
987 4866 1071 4919 video
1096 4867 1133 4928 D.
1160 4882 1235 4938 susp.
1287 4863 1339 4934 (¹5)
1359 4878 1398 4916 oo
1486 4907 1489 4913 .
1562 4904 1570 4935 »χ
1603 4898 1604 4923 ς

77 4940 125 4984 ⁰¹11.
141 4953 218 5004 quum
236 4938 330 4993 dicitis
349 4939 417 4996 cdd.
438 4939 522 5013 aliq,
542 4945 631 4997 etiam
648 4942 726 5006 Mm,
747 4946 808 5015 ipso
826 4941 908 5015 prob.
927 4943 960 4996 P.
981 4943 1022 5008 M.
1040 4943 1074 4995 t..
1104 4943 1154 5010 (¹⁷)
1174 4943 1222 4996 Slo
1241 4937 1398 5003 cddmeu.
1428 4938 1448 5013 ¹⁴
1603 5002 1604 5007 ¹

77 4998 136 5063 Md·
154 5027 214 5070 ante
233 5016 315 5071 Grut.
334 5017 370 5077 D.
389 5039 428 5077 ε
442 5034 520 5089 pars.
540 5025 616 5079 teoto.
629 5025 675 5085 cst,
692 5034 766 5078 omn.
787 5017 868 5077 Grnt.
889 5022 1033 5079 taetra-t.
1052 5018 1102 5073 or.
1120 5018 1158 5083 G.
1178 5024 1207 5077 2.
