3188 5492
276 405 475 473 couraa
497 368 813 497 4444444444
836 391 929 469 utu.
949 405 982 527 4.
1009 404 1050 470 c
1075 409 1107 470 4
1285 341 1365 474 1444
1400 470 1406 495 ,

38 563 124 638 atqtte
145 510 286 633 lapsante
308 547 468 633 vestigio,
500 549 669 611 1444444444
693 545 788 609 vitam
815 566 963 618 errorum
986 547 1125 611 omnium
1149 549 1362 645 planissimam

36 646 258 751 ingredereris,
283 645 409 726 excepit
431 655 463 707 te
487 642 739 706 circumfluentia
772 641 982 716 divitiarum,
1011 663 1110 728 quae
1122 643 1205 705 illam
1231 658 1363 711 aetatem

36 738 122 826 atque
141 739 276 803 animum
298 759 383 822 qnae
403 737 538 819 pulchra
560 748 592 800 et
613 738 751 809 14444414
780 734 971 800 videbantur
993 738 1086 801 avide
1104 751 1300 821 sequentem,
1325 741 1363 803 il·

35 832 197 898 leeebrosis
219 841 372 913 coeperat
393 830 570 895 absorbere
591 830 796 915 gurgitibus,
822 830 884 897 nist
874 831 968 895 inde
983 844 1015 895 te
1029 831 1180 897 fortunae
1197 833 1243 896 1111
1255 835 1364 912 flatus,

35 928 84 1012 qui
103 937 253 1010 putantur
276 925 426 1027 adversi,
450 924 639 1007 eripuissent
661 945 762 1006 paene
789 936 997 1010 mergentem.

41 1054 44 1055 ⁷
111 1022 142 1085 1.
165 1023 216 1083 An
240 996 335 1095 44441
359 1020 385 1083 41
408 1023 552 1082 edentem
574 1032 608 1083 tc
630 1022 783 1083 munera¹
806 1040 956 1107 ursorum
981 1031 1012 1084 et
1028 1041 1189 1106 nunquam
1204 1021 1250 1084 ibi
1270 1033 1362 1088 antea

35 1116 95 1191 visa
115 1097 296 1196 spectacula
317 1114 442 1179 civibus
465 1114 596 1191 nostris,
621 1113 795 1181 theatricus
807 1093 950 1195 plausus
974 1136 1100 1197 semper
1120 1117 1362 1198 prosperrimus

34 1208 211 1289 accepissct;
230 1209 263 1272 41
284 1210 453 1280 stultorum
476 1208 660 1284 hominum,
685 1230 821 1294 quorum
844 1208 1010 1273 immonsa
1015 1211 1110 1273 turba
1126 1224 1191 1285 est,
1215 1211 1361 1291 conflatis
1397 1242 1407 1253 r

36 1314 63 1364 et
89 1303 358 1370 consentientibus
388 1304 525 1366 vocibus
555 1302 688 1367 ferreris
718 1304 760 1364 ad
788 1302 927 1376 caelum3
965 1303 994 1366 si
1022 1324 1117 1367 nemo
1144 1303 1207 1366 tibi
1229 1308 1362 1374 auderet

34 1417 94 1459 asse
113 1397 276 1474 inimicus,
302 1398 329 1461 41
351 1397 557 1480 municipales
579 1397 706 1475 tabulae
727 1407 759 1458 te
782 1418 846 1459 non
873 1396 977 1461 solum
1008 1398 1147 1472 civium,
1181 1400 1238 1461 sed
1267 1382 1360 1463 etiaim

33 1493 209 1575 vicinorum
228 1503 398 1574 patronum
428 1513 500 1557 aere
528 1493 709 1577 signarent,
751 1490 989 1555 collocarentur
1009 1503 1153 1568 statuae,
1192 1491 1364 1558 influerent
1415 1500 1417 1507 '

32 1590 173 1663 honores,
198 1589 391 1669 adderentur
412 1585 516 1649 etiam
528 1594 717 1668 potestates,
741 1605 822 1668 quae
844 1584 1064 1691 municipalem
1086 1586 1228 1649 habitum
1246 1609 1361 1670 super-

33 1693 221 1756 crescerent3
256 1680 429 1744 conviviis
446 1678 647 1765 quotidianis
689 1700 813 1742 mensae
855 1679 980 1761 opimae
1015 1691 1250 1755 strumentum(
1273 1686 1377 1785 44444111

13 1777 137 1859 -cuique
159 1787 244 1839 esset
267 1795 415 1848 neeesse,
448 1777 536 1858 <prod
558 1774 711 1858 cuiusque
733 1772 840 1836 etiam
849 1771 982 1837 deliciae
1005 1773 1146 1850 sitirent,
1178 1773 1380 1843 indubitan-

32 1883 76 1932 ter
101 1880 241 1951 peteret;
276 1868 489 1933 indubitanter
517 1869 677 1944 hauriret,
715 1867 813 1929 multa
835 1866 929 1929 etiam
953 1888 1033 1930 444
1040 1851 1221 1949 petentibus
1243 1866 1385 1939 funde·
1378 1878 1384 1905 ¹

32 1976 147 2038 rantnr3
171 1984 289 2047 resque
311 1962 383 2045 ipsa
402 1963 566 2027 familiaris
588 1962 760 2046 diligenter
784 1981 802 2022 4
821 1960 881 2025 tuis
904 1960 1105 2045 fideliterque
1128 1959 1357 2036 administrata,
1380 1964 1388 2115 4

32 2057 165 2128 idoneam
179 2055 213 2123 se
231 2054 327 2119 tantis
342 2058 520 2139 sumptibus
543 2067 751 2141 paratamque
772 2057 958 2138 praeberet;
983 2066 1018 2116 tu
1039 2055 1160 2119 interea
1179 2055 1306 2118 viveres
1327 2055 1361 2119 iu

33 2149 238 2214 aedificiorum
259 2151 514 2234 exquisitissimis
543 2151 700 2226 molibus,
726 2147 758 2210 14
785 2147 891 2211 nitore
914 2149 1118 2225 balnearum,
1156 2148 1187 2210 in
1216 2149 1356 2225 tesseris,

33 2266 100 2326 quas
120 2246 273 2308 honestas
294 2265 360 2308 non
382 2244 522 2327 respuit,
546 2245 579 2308 in
602 2243 789 2316 venatibus,
813 2242 845 2305 in
860 2241 1033 2318 conviviis,
1057 2243 1090 2304 iu
1110 2263 1167 2306 ore
1184 2242 1360 2325 clientium,

32 2337 132 2402 inore
154 2338 291 2414 civium,
315 2338 348 2401 iu
370 2360 428 2403 ore
452 2334 797 2424 denique'populorum
814 2334 1078 2412 humanissimus,
1104 2337 1358 2412 liberalissimus,

33 2431 261 2508 mundissimus,
284 2433 589 2508 14414444114414444441,
602 2445 649 2495 ,ut
671 2430 777 2507 fuisti,
800 2430 984 2506 iactareris,
1009 2431 1176 2516 quisquam
1192 2430 1267 2506 tibi,
1286 2433 1357 2495 Ro·

33 2526 179 2600 mamare,
204 2529 319 2589 beatae
342 2527 471 2590 alterius
494 2527 589 2602 vitae,
615 2547 696 2611 quae
719 2526 787 2589 sola
810 2527 904 2588 beata
926 2536 986 2599 441,
1011 2527 1190 2608 quisquam,
1222 2545 1355 2608 quaeso,

32 2620 207 2685 mentionem
231 2619 339 2683 facere
368 2620 522 2684 auderet?
552 2619 721 2726 quisquam
750 2619 807 2682 tibi
835 2620 1029 2700 persuadere
1051 2629 1196 2723 posset,
1215 2638 1278 2681 non
1302 2640 1359 2683 so·

32 2712 87 2774 lum
108 2725 137 2776 te
158 2713 287 2778 felicem
310 2737 373 2778 non
389 2736 477 2791 esse,
502 2717 557 2778 sed
578 2736 618 2802 eo
635 2714 768 2777 maxime
784 2713 944 2789 miserum,
964 2734 1034 2796 quo
1051 2712 1110 2779 tibi
1124 2711 1252 2774 minime
1268 2712 1361 2777 vide·

32 2792 124 2873 reris?
159 2809 260 2871 Nunc
285 2830 365 2873 vero
384 2831 489 2893 quam
518 2822 550 2872 te
580 2810 724 2873 breviter
752 2810 997 2895 admonendum
1012 2817 1062 2870 tot
1084 2817 1115 2868 et
1136 2816 1242 2880 tanta,
1275 2828 1357 2891 quae

34 2903 194 2980 pertulisti,
223 2905 356 2966 adversa
378 2905 553 2969 fecerunt!
571 2906 647 2968 Non
671 2903 757 2966 enim
775 2901 834 2964 11141
856 2899 967 2963 alienis
992 2899 1147 3006 exemplis
1163 2902 1356 2983 persuaden-

35 2997 95 3058 dum
118 3009 182 3072 est,
208 3018 306 3080 quam
327 2998 415 3061 fluxa
437 3012 469 3062 et
489 2996 618 3084 fragilia
639 3009 670 3061 et
691 2998 786 3080 plena
808 2995 1021 3061 calamitatum
1044 2993 1108 3059 sint
1129 2993 1251 3069 omnia,
1277 3015 1359 3078 quae

32 3089 107 3155 bona
126 3091 278 3155 mortales
300 3103 430 3173 putant,
454 3115 552 3177 quum
573 3092 619 3155 ita
641 3113 683 3156 ex
704 3090 809 3174 aliqua
829 3100 921 3172 parte
945 3091 1026 3153 bene
1049 3099 1200 3169 expertus
1221 3088 1285 3164 sis,
1323 3099 1359 3151 ut

33 3194 116 3246 44414
138 3185 255 3248 ceteris
277 3189 471 3281 persuadere
494 3188 667 3270 possimus.

106 3280 136 3342 3
159 3280 246 3343 Illud
267 3301 369 3363 ergo,
388 3276 478 3344 illud
501 3295 607 3359 tuum,
643 3302 709 3365 quo
733 3298 858 3360 semper
881 3279 999 3340 decora
1022 3288 1052 3341 et
1075 3252 1214 3345 honesta
1237 3260 1360 3338 deside-

33 3371 118 3455 rasti3
141 3395 207 3479 qup
225 3383 257 3435 14
271 3373 436 3436 liberalem
457 3375 557 3460 magis
580 3397 672 3459 quam
696 3374 824 3443 divitem
844 3393 913 3437 esse
928 3368 1083 3445 maluisti,
1100 3390 1172 3454 quo
1201 3390 1361 3475 nimquam

33 3465 200 3548 concupisti
219 3488 290 3529 esse
311 3470 487 3551 potentior,
503 3491 596 3576 quam
618 3468 753 3543 iustior,
774 3488 950 3551 nunquam
969 3465 1244 3529 adversitatibus
1235 3484 1360 3570 rmprp·

27 3555 238 3665 bitatibpsque
260 3561 401 3639 cessisti,
432 3563 540 3625 illud
532 3585 656 3646 ipsum,
685 3562 835 3667 inquam,
868 3560 1007 3644 quadan
1031 3572 1061 3622 14
1084 3560 1225 3624 divinum
1247 3558 1359 3623 nescio

33 3670 90 3732 quo
119 3653 202 3718 vitae
231 3655 325 3718 huius
360 3676 484 3722 somno
502 3670 703 3740 veternoque
733 3655 872 3750 sopitum
901 3665 966 3731 est,
1003 3639 1101 3717 variis
1122 3654 1184 3717 illis
1207 3653 1358 3735 durisque

32 3745 245 3812 iactationibus
267 3762 390 3812 secreta
413 3751 619 3833 providentia
649 3751 789 3835 excitare
818 3744 972 3812 decrevit.
1028 3746 1177 3832 Evigila,
1217 3745 1357 3851 evigila,

33 3850 150 3915 orote;
173 3842 319 3918 multum,
343 3844 539 3921 mihicrede,
564 3822 788 3930 gratulaberis,
810 3843 899 3928 quod
913 3864 1015 3925 paene
1030 3841 1123 3904 nullis
1135 3838 1359 3924 prosperitati
1409 3858 1417 3876 4
1510 3832 1513 3843 ’

32 3929 97 4006 bus,
101 3936 236 4038 'quibus
257 3948 407 4002 tenentur
426 3938 557 4016 incauti,
581 3938 688 4001 mundi
708 3938 800 3999 huius
823 3935 881 4009 tibi
903 3938 986 3999 dona
1004 3935 1142 4041 blandita
1159 3945 1252 3997 sunt:
1276 3952 1357 4017 quaa
1512 3944 1521 3965 ¹

34 4042 77 4086 me
99 4025 200 4114 ipsum
226 4051 341 4113 capere
364 4032 576 4097 moliebantur
599 4027 741 4117 quotidie
763 4031 823 4094 ista
845 4041 1035 4105 cantantem,
1059 4029 1121 4095 uisi
1143 4049 1193 4093 me
1215 4026 1374 4133 pectoris*

35 4117 120 4182 dolor
151 4135 317 4188 ventosam
348 4128 584 4208 professionem
616 4126 774 4202 abiicere,
812 4136 843 4188 41
881 4125 913 4186 14
943 4122 1166 4206 philosophiae
1201 4121 1358 4225 gremium

34 4212 199 4300 confugere
221 4220 394 4303 co'e‘gisset.
439 4222 515 4329 Ipsa
538 4244 587 4286 me
609 4243 694 4284 nuno
714 4220 746 4284 in
770 4203 859 4294 otio,
891 4220 979 4302 quod
1002 4219 1206 4281 vehementer
1229 4214 1373 4297 optavi-.

34 4321 111 4381 mus,
133 4312 293 4376 nutritae
311 4313 425 4378 fovet:
459 4317 529 4399 ipsa
552 4338 601 4382 me
623 4315 749 4400 penitus
773 4315 812 4376 ab
834 4313 906 4375 illa³
929 4310 1190 4393 superstitione,
1204 4308 1237 4371 in
1260 4329 1354 4393 quam

33 4404 198 4469 1444444444
218 4407 423 4513 praecipitem
446 4414 613 4486 dederam,
656 4408 817 4472 liberavit.
873 4407 949 4488 Ipsa
971 4405 1054 4472 enim
1076 4408 1188 4477 docet,
1223 4414 1254 4467 et
1276 4422 1354 4467 vere

35 4489 130 4571 docet,
156 4497 233 4561 nihil
257 4501 387 4567 omnino
410 4506 579 4568 colendum
597 4525 682 4580 4444,
706 4513 872 4586 totumque
892 4500 1052 4564 contemni
1068 4511 1236 4581 oportere,
1261 4498 1359 4580 quid·
1435 4538 1438 4546 ·

35 4582 101 4662 quid
121 4594 306 4657 mortalibus
328 4597 430 4660 oculis
453 4600 619 4678 cernitur,
665 4596 818 4681 quidquid
840 4596 942 4658 ullus
937 4616 1057 4659 sensus
1080 4591 1225 4675 attingit.
1278 4593 1354 4674 Ipsa

34 4678 217 4748 verissimum
247 4701 284 4750 et
307 4692 551 4756 secretissimum
581 4693 686 4757 Deum
714 4690 884 4772 perspicue
908 4711 942 4752 se
965 4692 1253 4769 demonstraturum
1275 4707 1354 4780 prq-

35 4767 135 4849 mittit,
159 4792 190 4840 et
211 4782 418 4867 iamiamque
441 4786 546 4870 quasi
554 4807 613 4869 per
628 4783 757 4848 lucidas
778 4786 879 4847 nubes
904 4794 1071 4847 ostentare
1090 4772 1251 4864 dignatur
1333 4788 1340 4803 ’

37 4912 41 4923 ‚
113 4869 144 4929 1
167 4873 204 4935 14
225 4877 286 4938 hae
308 4896 430 4942 mecum
452 4880 681 4946 studiosissime
700 4878 781 4941 44441
795 4888 906 4940 noster
921 4875 1105 4939 Licentrus
1132 4875 1170 4935 ad
1187 4894 1253 4935 eam
1271 4885 1358 4938 totus

36 4955 250 5031 ἔ11114141411114444
272 4970 431 5037 illecebris
455 4974 738 5057 voluptatibusque
761 4967 937 5036 conversus
961 4983 1025 5044 est,
1064 4971 1107 5034 ita
1139 4989 1173 5038 441
1200 4990 1269 5035 eum
1294 4994 1356 5035 non
1444 4978 1449 4989 “
