3226 5488
159 438 163 446 .
254 385 318 451 stt
355 416 359 433 ·
688 385 832 453 PETRI
855 386 1133 453 vunnu'ttuss

251 522 457 592 Academiam
488 523 616 591 inducta
636 527 767 594 novatio
790 530 937 616 (namque
959 550 1096 594 novasse
1116 552 1188 595 enm
1210 529 1377 616 plerique,
1413 555 1469 598 nun
1484 535 1531 618 qui·

251 622 323 685 dem
344 620 406 703 ipsi
427 620 631 698 Academici,
654 623 864 706 scripserunt)
881 623 957 719 satis
979 646 1109 706 possum
1133 627 1335 691 subodorari.
1380 628 1476 712 Atque
1491 629 1531 693 ini·

245 715 292 780 tio
314 715 416 779 statim
438 716 530 779 huius
551 717 702 781 historiae
723 719 928 802 praecipuum
951 719 1025 782 mihi
1044 721 1184 784 lahorem
1207 722 1245 783 de
1260 721 1397 784 Philone
1417 720 1529 786 futurum

250 808 408 892 praedixi.
452 811 576 874 Verum
598 814 795 895 despondere
819 813 954 877 animum
978 812 1102 875 minime
1124 825 1272 893 oportet,
1296 817 1351 876 sed
1368 814 1460 875 omnis
1479 816 1532 896 lapis

250 905 439 980 movendus,
473 918 508 969 ut
540 906 639 990 ipsius
672 906 876 982 sententiam,
911 907 938 970 si
972 907 1041 971 lieri
1074 907 1194 990 possit,
1219 928 1378 970 eruamus.
1426 906 1532 971 Prinun

251 996 422 1062 descivisse
444 998 531 1063 illum
563 1001 775 1066 aCarneadis
798 1001 1055 1085 Clitomacbique
1089 1002 1252 1077 sententia,
1284 1024 1377 1084 quam
1399 1002 1532 1085 aliquando

249 1103 416 1170 tenuerat,
451 1094 550 1175 ipsius
579 1095 707 1160 arrditor
736 1095 917 1161 Antiochus
939 1097 1024 1178 apud
1045 1088 1255 1158 Ciceronem¹
1278 1106 1430 1170 testatus,
1460 1097 1533 1159 cuin

250 1189 334 1268 apud
354 1187 528 1252 Eusebium
552 1188 748 1253 Νιιοεεοίιιε2
770 1200 954 1252 attestatur:
992 1184 1068 1254 ὁὸὲ
1098 1189 1208 1254 Φίλιον
1233 1184 1302 1279 ἄρα
1322 1179 1419 1266 οὗτος
1438 1190 1533 1273 (iuquit)

250 1275 329 1367 ὅροι
346 1288 407 1368 μὲν
430 1278 637 1369 ἐκδεξάμενος
667 1280 726 1366 τὴν
758 1280 932 1371 διατριβὴν
962 1278 1026 1348 ὑπὸ
1055 1282 1223 1370 χαρμονῆς
1251 1283 1474 1364 ἐξεπέπληκτο,
1490 1291 1534 1374 ,καὶ

246 1369 344 1464 χάριν
371 1369 551 1459 ἀποδιδοὺς
577 1373 757 1466 ἐθεράπευε
791 1384 848 1444 καὶ
879 1374 922 1443 τὰ
953 1379 1129 1462 (δεδογμένα
1159 1377 1204 1468 τῷ
1235 1375 1449 1467 Κλειτομάχῳ
1470 1376 1534 1458 utils,

247 1472 305 1533 καὶ
329 1473 399 1547 τοῖς
422 1471 589 1549 Στωϊκοῖς
612 1468 807 1561 ἕκορύοοετο
830 1468 953 1562 νώροπι
969 1473 1105 1562 χαλκῷ,
1140 1471 1259 1545 idest,
1293 1471 1391 1533 Philo
1413 1474 1535 1555 engolis

248 1582 350 1643 nuper
371 1562 496 1648 quidem
519 1565 648 1629 scholae
677 1566 879 1631 successione
901 1568 1031 1629 adeum
1055 1565 1175 1641 delata,
1210 1563 1331 1627 laetitia¹
1350 1564 1500 1645 perculsus
1515 1576 1535 1626 et

248 1656 386 1740 gestiens
409 1660 622 1734 efferebatur,
646 1660 826 1744 gratiasque
849 1662 887 1724 de
911 1662 974 1724 hoc
997 1663 1145 1736 reddens,
1173 1670 1204 1722 et
1228 1657 1420 1724 Clitomachi
1439 1661 1535 1721 decreta

248 1753 399 1814 tuebatur
426 1764 459 1815 'st
487 1756 638 1829 ornabat,
676 1765 708 1817 et
741 1775 811 1818 sese
840 1756 991 1818 adversus
1021 1753 1150 1818 Stoicos
1178 1751 1297 1815 lucenti
1318 1773 1392 1815 aere
1414 1753 1535 1814 armabat.

250 1844 314 1906 Sed
335 1846 522 1910 efferbuisse
543 1868 614 1911 enm
635 1860 746 1929 postea
770 1849 943 1912 Numenius
965 1848 1026 1923 ait,
1050 1868 1109 1911 nec
1130 1847 1163 1909 in
1178 1848 1291 1910 eodem
1311 1868 1406 1909 sensu
1420 1869 1535 1928 muman-

248 1936 340 2001 sisse.
384 1941 502 2004 Sextus
524 1941 670 2005 Philonis
693 1943 895 2006 Academiam
919 1953 1061 2027 quartam
1085 1963 1101 2004 a
1125 1940 1310 2025 quibusdam
1327 1939 1535 2004 vocatamscri·

248 2042 337 2112 ptum
350 2033 492 2117 reliquit.
536 2035 696 2099 Eusebius
717 2036 808 2099 etiam
829 2036 974 2101 Philonis
990 2048 1022 2099 ct
1045 2033 1234 2099 Charmidae
1248 2032 1451 2097 Academiam
1467 2054 1536 2117 quu-

246 2135 309 2188 tam
331 2139 486 2190 numerat.
532 2128 677 2211 Denique
700 2151 782 2195 nova
806 2132 956 2214 quaedam
979 2128 1212 2204 commovisse,
1236 2130 1326 2212 quod
1349 2149 1386 2190 ea
1412 2128 1535 2190 sustinere

247 2217 305 2281 vix
326 2233 471 2300 poterat,
496 2243 576 2305 quae
598 2235 710 2287 contra
735 2223 1001 2288 Academicorum
1018 2222 1223 2305 pertinaciam
1245 2221 1444 2296 dicerentur,
1466 2219 1535 2284 Cice·

246 2312 336 2375 ronis
358 2315 514 2378 Lucullus
536 2315 679 2380 affirmat.
724 2321 904 2381 Teneamns
929 2337 1008 2401 ergo
1031 2317 1111 2390 hoc,
1136 2335 1271 2377 novasse
1294 2315 1478 2387 Philonem,
1497 2333 1536 2373 nec

132 2408 134 2413 ’
249 2410 379 2471 eandem
403 2408 449 2471 illi
463 2430 533 2472 cum
557 2409 759 2476 Clitomacho
781 2424 813 2476 et
829 2411 992 2477 Carneade
1006 2410 1105 2473 fuisse
1121 2409 1317 2473 sententiam.
1361 2410 1465 2493 Atque
1478 2426 1535 2491 quas

246 2501 375 2565 illorum
398 2502 521 2583 quidem
544 2503 624 2577 fuit,
661 2505 783 2581 tribus,
821 2505 866 2568 uti
888 2503 1114 2588 explicuimus,
1145 2502 1367 2566 continebatur
1389 2503 1534 2584 capitibus,

248 2594 470 2677 Acatalepsia,
493 2598 660 2661 Probabili
677 2612 707 2662 et
720 2602 854 2682 Epoche
868 2599 935 2663 sive
947 2599 1095 2681 opinandi
1106 2596 1339 2680 prohibitione.
1357 2598 1462 2681 Atque
1470 2597 1535 2677 Epo·

247 2693 327 2752 cheu
345 2693 384 2752 ab
403 2691 473 2772 ipso
489 2712 553 2754 non
568 2705 807 2769 conservatam,
824 2715 921 2777 quum
940 2691 1066 2774 opinari
1085 2691 1256 2775 sapientem
1274 2712 1340 2755 non
1359 2692 1533 2773 prohiberet,

247 2785 444 2848 manifestum
460 2797 525 2860 est,
550 2797 582 2848 ct
600 2807 617 2848 a
640 2788 798 2851 Numenio
819 2798 927 2869 aperte
950 2785 1113 2849 scribitur.
1158 2787 1280 2848 Verum
1302 2806 1367 2848 non
1383 2785 1477 2848 solum
1492 2785 1536 2844 boc

248 2879 326 2944 novi
355 2879 387 2942 in
414 2880 616 2943 Academiam
650 2881 793 2945 intulisse
821 2883 918 2947 Philo
944 2880 1172 2943 accursuhatur:
1210 2880 1337 2953 ‚,ttan³
1370 2891 1403 2942 et
1432 2879 1535 2943 Catulus

247 2974 391 3054 paterio
413 2977 519 3037 eadem
542 2975 695 3038 sententia
714 2987 801 3051 erat,
825 2987 858 3038 et
880 2974 1103 3040 Carneadeam.
1121 2994 1190 3036 esse
1215 2973 1358 3046 dicebat,
1386 2985 1420 3036 ut
1442 2967 1536 3055 percipi

246 3067 324 3131 nibil
345 3090 442 3150 posse
465 3080 609 3150 putaret3
641 3092 840 3134 assensurum
864 3083 966 3132 autem
992 3090 1054 3132 non
1077 3080 1255 3150 percepto,
1293 3066 1325 3129 id
1348 3078 1399 3130 est
1420 3068 1535 3149 opinatu-

247 3181 317 3223 rum
340 3162 510 3244 sapientem
536 3163 711 3227 existimat:
735 3168 792 3227 sed
814 3164 856 3227 ita
873 3177 906 3226 nt
928 3163 1081 3249 intelligat
1096 3185 1131 3226 se
1154 3163 1299 3245 opinari,
1322 3159 1463 3245 sciatque
1482 3156 1535 3222 nihl

247 3275 317 3319 csse
339 3257 426 3338 quod
447 3257 673 3336 comprehendi
694 3270 725 3321 et
747 3257 868 3339 percipi
892 3256 1025 3339 possit.’'
1085 3256 1149 3337 Qui
1170 3268 1271 3319 tamen
1295 3254 1430 3320 Catulus
1450 3254 1534 3319 Philu-

246 3369 317 3411 nem
339 3350 580 3431 reprehendisse
603 3351 821 3436 mendaciique
843 3350 1037 3413 insiuurlasse
1059 3354 1372 3418 commemoratus-t:
1397 3351 1478 3431 qnod
1491 3346 1535 3408 uti·

248 3462 310 3525 que
333 3464 396 3506 uon
414 3443 554 3517 faceret,
578 3444 604 3506 si
626 3444 721 3509 Philo
744 3447 784 3507 ab
805 3465 847 3508 co
867 3445 906 3506 de
921 3442 1093 3508 Carneadis
1116 3441 1270 3505 sententia
1292 3466 1356 3508 non
1374 3442 1534 3511 dissentiret·

248 3535 371 3598 Verum
401 3537 477 3620 quid
499 3559 557 3601 nos
571 3541 617 3601 de
641 3539 784 3602 Philonis
813 3537 964 3601 sententia
986 3538 1154 3599 sentiamus
1176 3535 1405 3617 proferendum
1429 3552 1534 3601 sumna·

246 3627 302 3691 tim
325 3641 390 3704 est,
413 3642 479 3694 tum
501 3645 532 3695 et
553 3645 693 3696 veterum
714 3631 914 3713 testimonia,
938 3634 1019 3694 unde
1040 3631 1123 3694 illam
1146 3632 1260 3694 elicere
1282 3634 1378 3697 nobis
1400 3633 1532 3698 videmur:

247 3727 473 3806 producemus.
532 3788 536 3794 ,

331 3820 452 3882 Natura
481 3819 525 3885 ita
556 3834 756 3904 comparatas
785 3808 856 3885 esse
877 3841 929 3884 res
951 3838 1082 3895 omnes,
1105 3830 1141 3882 ut
1168 3818 1324 3901 cognosci
1350 3830 1385 3883 et
1416 3833 1533 3896 compre·

247 3908 340 3972 hendi
360 3925 508 3993 possent,
533 3914 629 3978 Philo
651 3916 755 3979 aiebat
777 3927 871 3999 atque
893 3915 973 3978 adeo
996 3913 1091 3976 multa
1113 3910 1256 3994 percipi:
1283 3934 1393 3976 rerum
1414 3915 1472 3975 boc
1489 3924 1533 3968 not

246 4023 287 4067 eo
310 4007 407 4068 modo
429 4026 493 4090 quo
517 4007 619 4071 Stoici
640 4008 811 4083 dicebant}
838 4007 871 4071 id
893 4018 961 4081 est,
985 4028 1049 4070 non
1070 4006 1114 4069 ita
1135 4016 1172 4068 ut
1193 4027 1289 4087 quum
1311 4007 1384 4091 quis
1405 4003 1532 4091 quidpiam

246 4096 416 4182 cognoscit
438 4110 470 4161 et
489 4113 673 4182 perceptum
698 4103 811 4177 hahet,
850 4113 954 4164 certus
976 4121 1014 4163 ac
1038 4118 1170 4163 securus
1196 4099 1237 4161 sit
1269 4112 1323 4162 aut
1348 4122 1418 4164 esse
1440 4093 1531 4180 putslb

246 4190 401 4254 eiusmodi
432 4191 517 4255 illam
548 4195 741 4275 phantasiam
771 4216 834 4279 qua
860 4194 892 4258 id
921 4195 1183 4275 comprehensum
1209 4203 1274 4270 est,
1313 4194 1481 4264 exstitisse,
1507 4193 1532 4245 tl

1578 786 1579 819 l

1577 828 1579 877 l

1577 894 1579 997 l

1574 3752 1576 3822 l

225 4320 229 4333 =
246 4285 333 4349 nulla
353 4285 416 4367 ipsi
432 4286 541 4350 similis
559 4289 617 4351 alia
635 4302 667 4352 et
686 4309 767 4374 quae
789 4288 925 4353 discerni
948 4291 987 4350 ab
1008 4288 1062 4350 illa
1083 4298 1235 4370 nequeat,
1261 4290 1302 4349 ab
1327 4309 1367 4351 eo
1387 4288 1530 4371 quodum
1574 4290 1575 4353 t

248 4390 297 4442 est
310 4379 417 4447 obiici
446 4372 559 4463 possit.
603 4384 655 4447 Ita
679 4395 732 4459 ut,
770 4383 797 4447 si
815 4383 916 4448 Stoici
937 4385 978 4445 ab
1006 4381 1059 4445 illa
1082 4402 1140 4443 sua
1166 4380 1348 4445 delinitione
1378 4371 1532 4444 ultima‘illt

215 4492 216 4496 ’
246 4475 364 4537 verba:
397 4476 522 4557 Qualis
546 4476 671 4565 afferri
692 4500 761 4541 non
778 4488 894 4561 potest
914 4478 958 4540 ab
978 4497 1019 4540 eo
1040 4475 1133 4560 quod
1161 4486 1320 4551 nonest,
1359 4470 1471 4538 atrserri
1491 4485 1531 4546 pt·

245 4566 384 4645 tiantur,
409 4569 506 4633 Philo
529 4572 661 4653 amplius
683 4571 817 4637 cumeis
839 4594 903 4636 non
925 4571 1105 4636 contendat.
1151 4565 1291 4653 Cognita
1315 4589 1395 4652 ergo
1410 4562 1529 4651 quaedam

246 4661 343 4728 Philo
373 4665 536 4743 concedit,
570 4688 651 4752 quae
684 4666 947 4749 comprehensiva
976 4662 1141 4748 phantasia
1174 4661 1403 4746 percipiantur.
1464 4655 1529 4717 Htlc

320 4901 358 4977 (¹)
378 4908 409 4956 in
427 4904 543 4971 Lucullo
563 4906 597 4960 C.
616 4908 643 4963 lt.
683 4907 721 4975 (²)
740 4904 841 4960 Enseb.
860 4923 984 4980 praepar.
1004 4905 1025 4958 l.
1047 4906 1091 4962 tt.
1111 4923 1140 4978 p·
1161 4898 1238 4968 759·Ι
1268 4903 1307 4980 (³)
1333 4905 1429 4959 Cicero
1453 4893 1527 4952 lull·

244 4974 311 5030 culli
330 4976 392 5031 line.
430 4978 468 5052 (t)
488 4984 518 5033 tn
537 4980 653 5035 Lucullo
672 4998 728 5034 non
748 4980 865 5037 multum
885 4996 948 5056 pou
968 4985 1145 5056 prIncipiurn.
