3188 5492
606 240 619 291 l

599 433 693 498 mn.
719 434 766 498 v.
812 433 854 529 e.
878 434 932 497 ns.
1174 436 1180 451 ¹
1243 381 1267 512 s
1371 420 1433 485 als

80 604 213 646 rerum.
243 581 453 661 Respondent
468 584 611 641 extrema
622 575 751 659 primis,
767 576 866 640 media
881 574 1036 663 utrisque,
1054 577 1160 642 omnia
1175 580 1341 651 omnibus:
1357 575 1434 661 quid

82 688 266 763 sequatur,
291 674 369 760 quid
382 669 568 757 repugnet,¹
586 673 705 736 vident.
735 673 773 734 ln
789 673 987 756 geometria¹
1009 672 1153 755 primasi
1168 671 1306 746 dederis,
1331 673 1433 733 danda
1496 666 1507 677 ²

79 784 166 835 sunt
188 770 305 834 omnia.
343 768 496 833 Concede
523 768 599 831 nihil
621 788 691 831 esse
714 770 853 842 bonum,
884 767 946 830 nisi
966 770 1055 852 quod
1076 769 1244 831 honestum
1267 766 1328 829 sit:
1353 787 1433 830 eon,-

82 868 266 930 oedendum
289 876 357 938 est,
381 863 416 925 in
439 863 557 926 virtute
579 862 649 927 sola
670 862 810 943 positam
833 864 925 925 esse²
947 865 1072 925 beatam
1095 861 1205 925 vitam.
1250 859 1337 923 Vide
1359 881 1433 922 rur*
1503 906 1510 914 1

82 983 147 1025 sus
161 972 263 1024 retro.
286 958 493 1033 Dato³hoe,
510 961 648 1020 dandum
663 958 723 1019 erit
738 955 835 1020 illud:
859 960 947 1043 quod
965 957 1064 1022 vestri
1077 977 1142 1021 non
1157 955 1251 1018 item:
1274 955 1331 1018 si.
1348 954 1432 1028 „tria

82 1076 217 1140 genera
235 1050 431 1117 bonorum.’'
458 1051 628 1116 Proclivi‘*
649 1051 759 1114 currit·
773 1052 900 1116 oratio:
926 1052 1012 1115 venit
1034 1055 1075 1114 ad
1097 1061 1293 1123 extremum:
1321 1048 1434 1111 haeret
1460 1096 1463 1101 ⁴

81 1150 122 1213 in
147 1149 293 1211 salebra:
318 1147 405 1235 eupit
427 1145 510 1209 enim
531 1145 655 1222 dicere,
688 1145 777 1209 Nihil
799 1168 896 1228 posse
908 1149 959 1210 ,ad
979 1149 1104 1209 beatam
1128 1144 1230 1207 vitam·
1249 1143 1360 1206 deeme
1382 1164 1433 1205 sa-

80 1242 204 1327 pienti.
242 1243 389 1305 Honesta
406 1240 535 1315 oratio,
571 1240 756 1316 Socratica,
780 1241 930 1305 Platonis
950 1241 1060 1304 etiam.
1092 1238 1359 1312 Audeo-dicere,
1384 1237 1459 1307 in,-⁴

83 1337 196 1423 qttit⁵.
234 1339 309 1399 Non
331 1346 460 1418 potest,
485 1334 543 1398 nisi
562 1335 740 1398 retexueris
755 1334 827 1398 illa:
851 1348 1025 1417 paupertas
1047 1334 1074 1397 si
1089 1335 1205 1405 malum
1221 1344 1288 1409 est,
1313 1331 1433 1394 meudi-

83 1453 149 1494 eus
172 1453 242 1494 esse
264 1432 399 1494 heatusl
420 1444 516 1494 nemo
536 1440 662 1525 potest,
687 1429 831 1514 quamvis
855 1429 895 1492 sit
917 1429 1059 1512 sapiens.
1104 1429 1151 1491 A:
1173 1429 1351 1513 Zenoeum
1368 1440 1435 1489 nott

84 1528 221 1589 beatum
245 1528 362 1600 modo,
387 1527 444 1587 sed
466 1525 559 1588 etiam
583 1524 711 1587 divitem
733 1523 845 1586 dicere·
863 1546 958 1588 ausus
981 1529 1048 1588 est!
1072 1524 1215 1609 Dolore,
1240 1520 1379 1584 malum:
1402 1520 1433 1582 in

58 1618 60 1627 ’
86 1641 223 1683 erucem
245 1619 302 1703 qui
324 1617 464 1702 agitur7,
480 1621 599 1680 ‘beatus
622 1639 692 1681 esse
714 1638 779 1680 non
794 1628 915 1700 potest.
960 1619 1108 1693 Bonum,
1132 1615 1244 1689 liberi:
1269 1615 1430 1693 miserum,

85 1715 235 1779 orbitas:
260 1715 397 1786 bonnm,
429 1710 551 1793 patriam
567 1703 742 1786 miserum,
768 1710 933 1775 exsilium:
972 1712 1111 1786 bonum,
1138 1710 1322 1783 valetudo;r
1339 1709 1433 1771 mise-

84 1830 181 1883 rum,
207 1809 358 1870 morbus:
381 1809 512 1882 bonrum,
537 1804 704 1890 integritas
727 1805 897 1887 eorporis3
921 1804 1080 1880 miserum,
1106 1804 1274 1867 debilitas:
1299 1806 1430 1877 bonitin,

86 1902 260 1969 incolumis
275 1900 387 1977 ,.aeies;
411 1900 594 1974 miserum,
619 1899 766 1962 caecitas.
813 1897 904 1978 Quae
920 1899 953 1979 si
972 1910 1080 1980 potest
1095 1888 1432 1983 singula'eonsolando
1452 1975 1458 1983 Ι

1 1992 3 2067 ζ
87 2000 223 2074 levare,
246 1997 396 2060 universa
418 2017 484 2080 quo
508 1997 605 2059 modo
628 1992 820 2058 stutinebit‘?
854 1993 902 2056 Sit
925 1993 1007 2056 enim
1028 1993 1112 2055 idem
1135 2014 1269 2067 eaeeus,
1292 1990 1429 2065 debilis,
1499 2004 1518 2049 J

1 2132 2 2144 .
87 2095 210 2156 morbo
234 2088 426 2181 grauissimo
449 2091 603 2163 affectus,
635 2089 743 2165 exsul,
780 2090 899 2162 orbus,
935 2108 1053 2168 egens,
1086 2098 1276 2171 torqueatur
1299 2086 1430 2148 eeutleo:

88 2208 199 2269 quem
223 2185 312 2259 hune
337 2183 496 2264 appellas,
534 2181 651 2247 Zeno?
684 2184 842 2258 beatum,
877 2180 991 2264 inquit.
1048 2180 1156 2243 Etiam
1189 2178 1430 2242 beatissimum?

1 2319 10 2339 ..
89 2279 243 2361 Quippe3
277 2277 415 2362 inquiet,
441 2300 538 2360 quum
559 2288 621 2339 tam
636 2268 827 2357 doenspim,
857 2278 976 2359 gradus
999 2275 1089 2338 istam
1113 2297 1179 2337 rem
1203 2296 1266 2337 non
1290 2276 1430 2348 hahere,

6 2400 10 2435 :
89 2396 190 2458 quant
211 2373 379 2448 virtutem,
404 2371 437 2433 in
459 2391 526 2456 qua·
544 2371 585 2435 sit
605 2374 708 2452 ipsum
731 2370 1024 2433 etiamtheauun.
1066 2370 1119 2432 88.
1145 2368 1221 2430 Tibi
1242 2369 1307 2430 hoe
1327 2366 1432 2428 inore-

2 2494 12 2552 ³,
85 2467 227 2543 dibile,x
243 2464 356 2550 quia¹⁰
383 2465 610 2529 beatissimum.
670 2464 781 2545 Quid?
801 2476 889 2529 tuum
913 2462 1066 2526 credibile
1079 2462 1130 2525 ¹¹?
1152 2462 1181 2524 si
1202 2461 1284 2524 enim
1311 2463 1350 2525 ad
1371 2481 1432 2543 po-

88 2563 203 2646 pulum
228 2578 413 2624 mevoeas:
452 2560 657 2644 eumsqui12
673 2561 716 2622 ita
739 2560 779 2623 sit
794 2560 945 2634 effeetus,
977 2561 1104 2625 beatum
1121 2558 1145 2598 ¹³
1175 2577 1334 2640 nunquam
1350 2575 1430 2636 pro·-

90 2656 198 2720 habis.
246 2655 282 2718 Si
303 2658 343 2718 ad
363 2658 555 2737 prudentes:
590 2655 723 2718 alterum
745 2653 885 2719 fortasse
907 2653 1114 2726 dubitabunt,
1151 2652 1232 2713 sitne
1254 2660 1376 2711 tantuin
1400 2646 1431 2709 in

3 2786 5 2812 t
91 2751 232 2824 virtme‘,
257 2760 292 2811 ut
313 2769 349 2811 ea
371 2749 525 2830 praediti,
551 2749 601 2812 vel
623 2748 655 2812 in
676 2748 860 2812 Phalaridis
882 2759 977 2811 tauro
998 2745 1084 2810 beuti
1106 2744 1188 2808 sint:
1212 2744 1347 2806 alterum
1367 2760 1431 2807 uon
1512 2806 1517 2815 ,
1580 2807 1589 2815 ⁴

6 2874 16 2910 ν.
91 2844 300 2918 dubitabunt,
325 2844 400 2929 quin
422 2855 454 2907 et
475 2834 577 2907 Stoici
600 2842 819 2907 convenientia
842 2842 902 2905 sibi
924 2841 1047 2916 dicant,
1073 2853 1104 2902 et
1127 2860 1186 2902 vos
1203 2834 1429 2922 repugnantia:

1 2966 6 2987 ⁸
86 2936 313 3019 Theophrasti
335 2937 453 3021 igitur,
477 2936 597 3020 inquit,
619 2934 858 3005 tibiliberille
879 2935 983 3015 plaeet
1007 2935 1046 2995 de
1069 2935 1162 2996 beata
1186 2930 1274 2994 vita?
1309 2932 1430 2999 Tamen

59 3043 64 3047 ’
92 3037 280 3097 aberramus
304 3029 527 3112 aproposito:
551 3043 600 3106 et,
625 3029 1008 3117 nelongitts:·prors1ts,
1033 3027 1180 3110 inquam,
1205 3024 1303 3099 Piso,
1327 3023 1432 3085 siista

91 3131 177 3192 mala
198 3137 289 3202 sunt,
324 3126 442 3207 placet.
488 3125 541 3187 86.
566 3126 682 3188 Nonne
707 3123 807 3208 igitur
830 3122 888 3184 tibi
915 3122 1082 3203 videntur,
1106 3119 1227 3202 inquit,
1252 3117 1358 3180 mala?
1393 3117 1432 3179 Id

1 3234 19 3295 ,ἑ
93 3222 220 3311 quaeris
230 3222 257 3261 11
270 3265 279 3296 ,
303 3220 449 3304 inquam,
474 3219 505 3282 in
517 3239 594 3304 ,quo
608 3266 617 3296 ,
641 3231 746 3281 utrum
770 3204 968 3297 respondero
982 3216 1018 3289 ¹⁵,
1043 3236 1151 3287 perses
1175 3226 1206 3276 te
1229 3214 1309 3288 hire,
1322 3287 1324 3291 Ι
1336 3221 1431 3292 atque

0 3344 1 3357 ¹
90 3319 169 3383 illue
190 3336 320 3379 neeesse
343 3326 402 3377 est.
449 3315 523 3396 Quo
546 3316 670 3376 tandem
694 3315 810 3386 modo,
836 3308 962 3394 inquit?
985 3309 1090 3389 Quia,
1114 3307 1142 3370 si
1165 3307 1242 3368 mala
1267 3316 1357 3380 sunt,
1372 3303 1429 3377 xis,

4 3407 20 3438 ”
93 3401 149 3494 qui
171 3409 232 3473 erit
252 3407 285 3471 in
307 3407 354 3471 his
368 3409 404 3485 ¹⁶,
427 3411 539 3471 beatus
561 3429 625 3471 non
650 3406 723 3470 erit.
768 3405 804 3468 Si
828 3403 915 3478 mala,
931 3412 1107 3475 nonsunt,
1132 3401 1214 3463 iacet
1230 3397 1331 3463 omnis
1348 3397 1430 3459 ratio

18 3540 19 3555 .
91 3503 395 3586 Peripateticorum.
441 3504 485 3565 Et
505 3503 559 3565 ille
582 3502 706 3578 ridens,
731 3500 858 3573 Video,
883 3497 1003 3580 inquit,
1028 3495 1106 3581 quid
1127 3515 1218 3577 agas.
1263 3494 1313 3554 Ne
1336 3489 1434 3553 disei-¹

0 3644 13 3673 μ.
91 3599 201 3682 pulum
225 3600 399 3681 abducam,
432 3597 536 3659 times.
583 3597 633 3656 'l'u
657 3616 757 3670 vero,
787 3596 938 3677 inquam,
978 3590 1110 3653 dueas⁴⁷
1133 3589 1225 3664 lieet,
1265 3586 1291 3649 si
1313 3584 1430 3670 sequa·

92 3693 194 3756 surffl.
239 3690 315 3755 Erit
338 3690 584 3781 enim‘meeum,
610 3693 636 3775 si
660 3701 762 3751 teeum
786 3687 858 3750 erit.
1131 3697 1134 3705 ¹
1436 3674 1444 3687 ’

8 3784 11 3791 ,

1 3801 7 3830 e
19 3808 22 3817 .
605 3791 612 3807 ¹

168 3894 205 3960 (1)
224 3922 261 3935 -
279 3893 396 3956 vident,
426 3900 454 3942 et
483 3901 514 3943 ut
538 3898 569 3943 in
594 3910 686 3961 geom.
708 3893 739 3945 L.
760 3891 790 3948 8.
839 3893 876 3959 (2)
897 3914 938 3933 -·
952 3907 1007 3942 om.
1030 3906 1090 3940 esse
1110 3890 1142 3940 V.
1195 3888 1235 3961 (³)
1254 3912 1291 3928 ·-
1310 3888 1377 3939 date
1397 3890 1429 3941 V.

94 3968 134 4042 (1)
153 3986 218 4021 eum
229 3966 303 4021 edd.
319 3960 406 4023 D.'G.
426 3973 454 4021 2.
476 3973 518 4034 (ut
536 3968 703 4035 Teuc-M·
717 3966 777 4039 112.)
790 3997 825 4010 ...
839 3974 869 4018 in
878 3967 1002 4037 proclivi
1014 3966 1098 4018 L.-
1106 3966 1347 4036 proclivis1P.·-
1355 3982 1431 4038 pro7
1488 3982 1495 3988 ·
1561 3954 1563 3956 ’

3 4048 17 4121 ¹J
93 4045 194 4096 olivitas
212 4047 259 4098 Cr.
279 4046 312 4097 V.
329 4044 371 4098 M.
387 4051 413 4100 1.
441 4042 479 4117 (⁵)
504 4042 622 4096 Turbati
639 4044 686 4097 hie
706 4043 811 4116 aliquid
830 4041 939 4097 videtur
957 4042 1051 4095 latere.
1074 4042 1139 4114 Leg.
1160 4057 1244 4112 puto,
1264 4046 1348 4092 itant
1370 4036 1443 4109 ipsa'

4 4170 22 4200 ⁴·
94 4125 184 4173 oratio
198 4122 364 4172 exhortetur,
371 4119 581 4192 philosophum,
594 4118 668 4173 idue
679 4118 771 4174 dieat:
782 4135 819 4173 oo
837 4118 915 4170 Ande
927 4117 1034 4180 dicere,
1054 4120 1152 4187 inqtdt.
1165 4147 1207 4159 -
1219 4116 1430 4177 Audeode'eere,

94 4200 191 4265 inqdis.
215 4195 282 4251 sch.
304 4193 332 4250 Ε.
348 4203 378 4251 2.
398 4224 438 4236 --
456 4198 586 4247 Honesta
594 4184 710 4259 'oratam
730 4196 896 4252 Socratica:
915 4193 1044 4244 Platonis
1057 4197 1145 4243 etiam
1157 4192 1244 4245 audeo
1258 4192 1350 4241 dicere
1364 4190 1432 4241 Bru·
1526 4194 1535 4207 ‘

2 4260 21 4283 ⁵
43 4276 47 4299 '
94 4275 144 4324 mli
165 4288 239 4342 susp.
258 4300 298 4313 -
316 4272 444 4335 Hopesta
461 4276 582 4337 orarios
608 4280 637 4323 et
651 4273 816 4332 Socratica,-
840 4269 970 4321 Platonis
989 4274 1075 4319 etiam
1093 4267 1186 4319 audeo
1206 4265 1294 4337 (eam)
1320 4266 1430 4329 dicere,

1 4334 20 4365 ’μ
94 4352 184 4415 ioqret't
209 4348 244 4399 G.
274 4362 349 4417 susp.
377 4348 460 4400 Mox:
493 4362 532 4400 oo
556 4352 712 4399 retexuerit
730 4348 763 4401 L.
783 4364 858 4419 susp.
883 4392 886 4397 .
909 4342 947 4416 (ὅ)
967 4361 1032 4396 eum
1052 4341 1120 4395 cdd.
1142 4345 1177 4396 G.
1194 4361 1236 4395 e:
1254 4343 1352 4393 beatus
1370 4357 1429 4389 esse
1493 4350 1497 4357 ’

15 4462 18 4469 ,
85 4426 195 4476 Ceteri.
215 4421 264 4495 (η-
283 4431 457 4492 rwmpotest
484 4425 532 4489 V.)
582 4423 621 4490 (⁷)
649 4423 699 4476 sic
729 4421 780 4476 Cd.
802 4424 861 4475 Mo.
883 4422 981 4492 Margo
1002 4419 1048 4471 Cr.
1069 4419 1102 4470 V.
1123 4419 1165 4473 Μ.
1186 4419 1220 4472 D.
1241 4418 1322 4488 Seqq.
1342 4444 1380 4458 —-
1400 4420 1430 4464 in

89 4502 175 4550 orites
193 4503 240 4569 qui
254 4504 373 4564 angitur
391 4497 462 4551 cod.
483 4499 582 4570 pleriq.
602 4502 633 4551 P.
654 4499 754 4553 Cet.
801 4496 839 4571 (⁸)
859 4513 923 4550 eum
944 4494 1010 4547 Cdd.
1032 4496 1099 4546 Ern.
1121 4504 1146 4552 1.
1165 4493 1247 4566 Seqq.
1269 4522 1308 4537 -κ-
1325 4496 1431 4541 misera
1473 4544 1477 4549 ,
1575 4474 1580 4483 ”

91 4589 145 4628 ter.
165 4588 228 4626 ante
249 4593 273 4626 v.
292 4572 357 4627 lem.
380 4575 483 4631 Ceteri.
509 4574 549 4648 (⁹)
569 4590 632 4627 oum
652 4571 724 4627 Cdd.
742 4573 778 4628 G.
799 4580 826 4628 2.
843 4592 883 4625 =
900 4574 1098 4640 etiam‘ipsum
1117 4572 1218 4623 Ceteri.
1245 4568 1295 4633 (10)
1316 4595 1352 4607 -
1366 4570 1431 4636 quia

7 4658 14 4723 ¹.
96 4648 148 4702 del.
168 4648 283 4722 putabat
305 4653 338 4703 i).
359 4646 417 4723 (1.1)
437 4648 485 4701 Sic
503 4649 678 4720 distinguunt
699 4651 741 4702 M.
762 4650 794 4707 t..
813 4649 850 4701 G.
870 4655 897 4703 2.
918 4677 952 4691 -
972 4645 1048 4716 Quid
1059 4646 1160 4696 emm?
1179 4643 1330 4697 credibile?
1352 4644 1385 4694 D·
1406 4648 1431 4698 l·

1 4747 6 4755 ·
96 4722 146 4797 (11)
163 4748 199 4764 -
236 4730 284 4776 iaia
303 4725 385 4778 Geut.
408 4724 511 4801 erton
532 4742 566 4777 ee
585 4730 670 4786 ineis:
691 4730 863 4794 nescioquo
883 4741 984 4775 errore.
1018 4721 1069 4791 (11)
1090 4749 1125 4763 -
1146 4720 1259 4775 beotiam
1277 4736 1336 4769 esse
1356 4717 1431 4789 Spin.

22 4847 24 4855 .
94 4800 152 4854 Erl.
190 4796 240 4872 (¹⁴)
262 4801 310 4852 sio
330 4806 370 4854 m.
394 4802 441 4866 L.‚
466 4817 497 4854 u:
517 4801 627 4854 volebat
650 4805 909 4868 frus-quaeres
927 4800 1029 4851 Ceteri.
1069 4793 1122 4868 (15)
1142 4795 1190 4848 Sic
1211 4797 1242 4848 L.
1262 4790 1360 4864 (idos
1384 4809 1456 4859 νο·Ι
1539 4840 1543 4853 q

0 4887 16 4899 ’
96 4874 188 4930 lebant
208 4877 243 4928 D.
264 4877 343 4942 Ero.)
364 4877 430 4947 Seli.
451 4880 477 4930 2'.
497 4904 533 4918 ·-
553 4875 722 4947 respondebo
743 4876 861 4946 Reliqui.
882 4877 1014 4927 Ceterum
1037 4872 1084 4924 Cr.
1107 4874 1138 4924 V.
1154 4872 1194 4925 M.
1209 4873 1239 4922 l..
1261 4886 1335 4923 reete
1356 4866 1434 4921 vide.-
1468 4870 1471 4878 '

1 4942 9 5000 2⁰
96 4966 160 5004 runt
182 4956 257 5004 haine
284 4969 342 5007 non
371 4968 431 5004 esse
460 4956 718 5024 interrogationem.
748 4951 925 5005 Recentiores
951 4951 986 5003 D.
1016 4958 1039 5005 i.
1059 4949 1096 5001 G.
1118 4954 1160 5000 ’.λε
1178 4977 1218 4989 -
1236 4964 1344 5003 necesse
1364 4945 1431 4997 cst?

97 5025 145 5102 (111)
164 5055 202 5068 ·-
221 5032 256 5078 iis
275 5032 308 5081 V.
327 5027 365 5082 G.
402 5026 452 5095 (¹⁷)
471 5056 510 5068 -
526 5028 651 5085 ebdomas
671 5032 734 5081 Bas.
755 5025 828 5082 Gud.
850 5043 907 5082 see.
944 5025 998 5098 (¹⁸)
1019 5039 1057 5078 os
1074 5032 1205 5095 sequetur
1224 5023 1282 5077 ert
1301 5022 1375 5094 Spir.
