3226 5488
227 374 290 453 im

301 522 340 603 (6)
358 527 427 585 Bad.
446 528 510 585 Am.
529 527 577 580 Er.
603 542 630 580 et
656 526 739 581 MSS.
765 543 848 598 quam
868 527 975 600 plures,
1007 537 1089 601 atque
1108 534 1273 583 castissime.
1325 529 1434 584 Paullo
1457 536 1572 603 postia

224 607 359 662 hactenus
380 605 497 676 vulgatis
517 618 545 654 st
565 602 671 673 aliquot
690 601 773 656 MSS.
793 603 913 675 legitur,
933 610 1095 672 incognitae
1114 606 1212 671 lama,
1234 622 1301 672 aut,
1321 611 1502 675 incognitae
1511 604 1573 677 fa-

225 703 297 738 mae.
337 679 391 735 Sed
411 673 571 751 castigatius
592 683 622 730 in
642 676 703 745 aliis
724 675 889 743 codicibus,
903 676 995 748 fame.

301 756 339 824 (7)
362 758 395 811 ln
414 759 535 827 quinque
555 753 638 807 MSS.
658 760 686 803 et
705 757 785 821 quasi
803 770 967 822 germanae.

302 833 340 899 (⁸)
361 833 408 885 Sic
428 833 491 883 Am.
510 829 557 881 Er.
578 844 605 879 et
625 842 712 901 prope
731 845 828 883 omnes
849 829 930 885 MSS.
952 833 989 885 At
1006 826 1078 885 Bad.
1097 845 1124 883 et
1144 823 1213 884 Lov.
1233 832 1338 885 avolat.

300 905 338 981 (⁹)
359 908 421 959 Am.
440 906 488 958 Er.
508 920 536 958 et
555 903 622 955 Lar.
642 921 736 956 aures.
774 902 829 958 Sed
849 904 995 975 legendum
1017 922 1080 957 cum
1108 904 1175 959 Bad.
1203 922 1230 959 et
1257 907 1342 962 MSS.
1363 924 1481 972 etseras,
1509 923 1575 976 quas

225 987 400 1040 Romaniano
419 980 521 1033 liberas
542 993 619 1051 optat
642 982 829 1050 Augustinus,
850 995 882 1033 ut
901 995 1025 1052 assurgat
1045 996 1072 1033 st
1092 981 1207 1034 revolet.

233 1066 236 1075 '
302 1056 352 1130 (¹⁰)
371 1058 418 1111 Sic
449 1055 583 1109 scribitur
611 1058 642 1106 iu
668 1053 865 1107 vetustioribus
895 1072 922 1109 et
949 1055 1075 1129 pluribus
1102 1059 1183 1112 MSS.
1205 1057 1291 1109 Porro
1311 1061 1340 1109 iu
1362 1061 1451 1130 psius
1476 1056 1577 1122 editis,

116 1135 120 1145 “
224 1134 387 1188 Luciniano.
424 1130 460 1184 Et
479 1134 509 1183 iu
529 1130 613 1185 MSS.
633 1145 779 1200 quattuor,
801 1130 935 1184 Lariano.

299 1207 350 1282 (11)
370 1206 451 1259 MSS.
472 1206 611 1278 plerique,
632 1212 683 1259 aut
701 1212 762 1276 quis
781 1211 888 1278 estqui
907 1207 1035 1258 manibus
1054 1222 1108 1261 cet.
1149 1206 1218 1259 Mox
1237 1225 1270 1258 ex
1289 1211 1329 1258 sis
1345 1206 1502 1258 'nonnulli
1519 1247 1528 1270 ,
1554 1217 1578 1257 et

221 1284 351 1337 dentibus
378 1286 484 1333 nastris
503 1280 583 1333 stabis
602 1286 744 1351 occupatis
763 1286 848 1333 nimis
868 1286 1031 1353 imperiosus
1043 1281 1097 1355 fit.
1136 1281 1192 1334 Alii
1213 1299 1296 1355 porro
1319 1297 1399 1349 tres,
1421 1292 1460 1334 et
1483 1283 1578 1334 denti-

224 1361 274 1412 bus
292 1363 399 1410 nostris
418 1360 562 1428 occupatis
580 1360 672 1406 minus
690 1361 801 1407 animus
819 1363 983 1426 imperiosus
995 1356 1048 1429 fit.

299 1432 350 1508 (11)
372 1436 402 1487 ln
422 1432 505 1487 MSS.
525 1436 661 1503 quinque,
678 1437 924 1503 perniciosissimis
942 1431 1108 1486 rationibus.

300 1507 351 1581 (¹³)
371 1507 485 1578 AIIquot
505 1507 590 1565 MSS.
610 1506 692 1558 arabis
711 1507 813 1559 licebit.
861 1554 865 1567 ,

301 1583 351 1658 (11)
371 1586 432 1636 Am.
453 1583 499 1637 Er.
520 1598 548 1639 et
570 1583 634 1637 [ον.
655 1581 759 1636 editur.
809 1581 862 1634 Sed
883 1583 966 1638 MSS.
985 1583 1062 1636 nullo
1082 1579 1140 1635 fers
1165 1597 1281 1653 excepto
1308 1582 1446 1649 habent,
1477 1586 1577 1635 caedi·

223 1669 281 1713 tur.
320 1664 362 1713 ltu
387 1663 462 1713 euim
488 1657 558 1715 Bad.
587 1658 701 1711 Phrasis
728 1673 743 1709 a
769 1659 903 1711 Terentio
927 1674 1057 1733 usurpata
1077 1672 1119 1710 est
1140 1661 1169 1708 in
1190 1658 1287 1710 Heaut.
1308 1672 1363 1712 act.
1386 1666 1420 1716 2.
1445 1676 1537 1713 scen.
1555 1667 1578 1720 3.

223 1737 257 1793 V
254 1753 332 1787 erum
350 1740 460 1786 interea
482 1733 549 1784 darn
567 1750 710 1783 sermones
729 1732 877 1787 caedimus.

300 1809 350 1883 (¹⁵)
370 1802 404 1862 In
423 1810 557 1861 hactenus
579 1808 712 1879 vulgatis,
726 1807 822 1879 facile
833 1805 965 1879 frigiam
1018 1858 1021 1867 ,

299 1884 350 1953 (11)
370 1886 424 1939 Hic
447 1882 532 1956 figura
552 1881 669 1955 quadam
699 1888 787 1937 utitur
808 1886 978 1955 Augustinus
999 1882 1129 1938 sollemni
1149 1881 1320 1956 dialogorum
1339 1902 1440 1937 more.
1509 1885 1577 1938 Nam

224 1961 355 2019 nonnihil
376 1974 482 2013 certum
502 1957 623 2012 babebat
642 1957 717 2030 quod
737 1964 868 2024 sentiret,
898 1965 945 2030 qui
965 1964 1021 2013 iam
1043 1957 1144 2014 dudum
1167 1976 1260 2012 mente
1276 1946 1469 2031 peruenerat
1491 1962 1536 2012 ad
1551 1960 1578 2011 il

242 2037 299 2088 aad
325 2044 385 2101 est,
418 2040 460 2088 uti
488 2035 539 2087 lib.
570 2042 595 2093 7.
624 2031 706 2087 coni.
726 2051 751 2088 c.
774 2042 818 2094 17.
838 2034 965 2106 legimus.
1013 2036 1049 2089 Et
1082 2041 1226 2105 perspicue
1257 2039 1286 2086 in
1317 2034 1460 2087 eiusdem
1486 2043 1576 2109 operis

201 2057 275 2176 lib.
294 2121 322 2174 8.
343 2130 367 2164 c.
388 2115 415 2169 5.
436 2107 470 2164 de
491 2128 519 2163 se
539 2113 750 2163 conversionem
770 2107 915 2162 differente
936 2109 1101 2163 confitetur:
1131 2106 1170 2160 Et
1193 2128 1250 2161 non
1269 2116 1417 2161 aratiam
1443 2111 1507 2162 illa
1527 2132 1578 2162 err-

223 2195 350 2251 cusatio,
380 2205 435 2258 qua
459 2185 552 2238 uideri
580 2183 647 2239 milei
665 2185 787 2236 solebam
802 2193 956 2256 propterea
975 2185 1098 2237 noudum
1116 2203 1159 2235 me
1185 2193 1342 2256 contempta
1375 2188 1494 2238 secula
1518 2206 1578 2238 ser-

223 2268 286 2317 vire
306 2263 358 2316 tibi
369 2300 377 2327 ‚
397 2266 463 2332 quia
481 2266 592 2313 incerta
611 2257 679 2313 milri
698 2268 772 2311 esset
788 2266 931 2332 perceptio
949 2266 1100 2315 veritatis:
1119 2266 1177 2313 iarn
1190 2265 1264 2312 enim
1275 2269 1305 2313 et
1316 2266 1385 2332 ipsa
1395 2271 1497 2314 certa
1508 2272 1575 2315 erat.

166 2394 171 2407 ·
301 2338 352 2412 (1⁷)
372 2334 439 2391 Bad.
469 2337 517 2393 Er.
543 2350 571 2387 et
600 2336 666 2387 Lov.
696 2340 886 2407 inquisitionis
911 2343 987 2389 tuae.
1032 2335 1088 2390 Sed
1117 2336 1222 2391 rudius
1238 2339 1301 2393 Am.
1322 2351 1349 2390 et
1370 2338 1473 2394 MSS.
1497 2358 1576 2399 suae,

224 2412 344 2468 refertur
363 2417 437 2465 enim
458 2409 492 2462 ad
512 2411 680 2463 Licentium.
1252 2406 1257 2409 ¹

1390 1783 1400 1813 Ι

796 2567 890 2631 ΠΒ.
913 2569 978 2633 ΙΙΙ.

300 2717 337 2781 (1)
356 2712 434 2767 Editi
453 2711 578 2777 habens,
597 2710 740 2762 mersium.
781 2707 834 2762 Sed
854 2709 953 2765 melius
973 2711 1057 2769 MSS.
1077 2709 1189 2777 decem,
1204 2716 1321 2767 cirrium.

299 2793 335 2858 (2)
356 2791 421 2844 Am.
439 2803 466 2841 et
486 2788 532 2840 is.
553 2786 671 2851 habeut,
691 2803 741 2837 nea
760 2788 787 2836 ei
805 2786 902 2856 Syllae
921 2785 1054 2857 auferam
1073 2787 1207 2856 gloriam.

299 2866 337 2933 (3)
351 2854 390 2921 'Iu
411 2868 486 2937 ptius
507 2866 634 2928 excusis,
653 2879 711 2912 non
730 2859 874 2915 abhorret.

157 2976 163 2985 ι
220 3000 222 3005 ,
300 2941 340 3009 (1)
356 2941 470 2994 Veteres
489 2935 601 2991 codices
622 2934 752 2989 undecim
773 2935 923 2999 omittunt,
943 2934 1054 2990 Cacum.

299 3017 338 3084 (⁵)
358 3019 401 3069 Ita
422 3014 506 3070 MSS.
528 3015 563 3068 At
583 3010 651 3067 editi
671 3010 791 3077 habeut,
812 3013 980 3081 sapientiam
1000 3012 1087 3064 iilam

299 3090 338 3165 (⁶)
357 3090 440 3145 MSS.
461 3105 583 3162 septem,
602 3106 697 3157 nempe
713 3088 799 3158 plena
817 3095 881 3140 est..

267 3182 272 3189 ·
300 3168 337 3234 (⁷)
357 3166 423 3219 tofo.
444 3171 474 3217 in
493 3163 617 3235 seipsa
635 3171 705 3213 vera
725 3162 820 3227 dearsit
838 3179 890 3214 me.
986 3216 993 3231 .
1369 3208 1371 3214 ,

299 3242 337 3318 (8)
357 3244 419 3297 Am.
438 3243 484 3295 Er.
505 3242 570 3292 Lau.
591 3243 741 3304 omittunt,
763 3234 859 3308 fame.
887 3234 970 3289 MSS.
990 3248 1138 3308 quattuor,
1159 3244 1188 3289 et
1206 3254 1263 3288 non
1282 3239 1457 3290 nriseranda
1470 3239 1572 3310 fama.

225 3317 279 3375 Sed
298 3324 388 3371 verius
410 3317 457 3370 alii
476 3333 592 3381 novem,
611 3322 640 3366 et
658 3331 715 3364 non
733 3312 893 3365 miseranda
905 3309 992 3383 fame
1011 3321 1119 3377 enecet,
1141 3312 1239 3382 quibus
1260 3312 1367 3365 accedit
1389 3315 1470 3368 Bad.

301 3394 339 3468 (⁹)
359 3395 403 3446 Ita
424 3392 557 3446 scribitur
577 3395 607 3442 in
625 3387 749 3442 editione
769 3388 836 3442 bad.
857 3404 885 3441 et
904 3386 1029 3460 pluribus
1049 3387 1132 3440 MSS.
1154 3387 1186 3439 ln
1207 3391 1328 3459 antiquis
1348 3394 1442 3441 etiam
1469 3390 1573 3443 edisio-

223 3473 307 3524 nibus
336 3471 529 3542 chrysostomi
558 3465 664 3532 Hamil.
696 3471 738 3522 17.
764 3468 794 3516 in
814 3467 894 3537 epist.
918 3461 952 3513 ad
971 3463 1072 3533 Ephes.
1093 3461 1194 3535 legitur
1214 3463 1450 3540 σαμαρὸακομς
1474 3469 1571 3536 ibique

224 3546 364 3618 significat
383 3541 618 3621 γελωτοποιούς,
649 3555 702 3591 nec
722 3539 843 3591 multum
863 3539 943 3590 aliter
964 3536 1035 3610 apud
1056 3541 1117 3590 Am.
1138 3553 1165 3590 et
1186 3554 1241 3593 trrs
1262 3539 1345 3592 MSS.
1367 3544 1416 3609 qui
1444 3541 1570 3603 habeam

225 3620 420 3677 Samardocos.
465 3620 502 3673 At
523 3619 569 3671 Er.
590 3631 617 3670 et
638 3616 705 3668 Lot.
723 3613 930 3671 Sarmadacasr
959 3617 1000 3665 uti
1021 3616 1105 3664 eriam
1126 3614 1223 3667 scribit
1245 3630 1320 3669 retus
1342 3618 1570 3671 Commentarios

225 3700 334 3752 Horatii
355 3694 389 3747 ad
408 3692 476 3747 illud
496 3693 545 3745 lib.
568 3700 592 3748 1.
613 3693 704 3763 Satyr.
724 3691 750 3746 6.
778 3690 918 3740 Fallacem
939 3694 1061 3749 circium,-
1091 3688 1137 3740 ubi
1158 3700 1206 3741 eos
1226 3687 1296 3740 dicit
1316 3690 1524 3743 Sarmadacos
1542 3701 1568 3742 et

224 3773 383 3839 Sortilegas
410 3768 641 3830 matlsematlcas,
667 3770 713 3836 qrsi
738 3763 778 3815 ad
804 3773 894 3814 metas
921 3770 1096 3834 spectatores
1112 3763 1342 3817 nircumstabant
1361 3773 1392 3815 et
1411 3770 1567 3838 imperitos

223 3855 309 3919 nugis
320 3844 479 3916 fallebant.
549 3828 553 3849 ⁵
1177 3847 1180 3853 ’

299 3919 350 3997 (10)
368 3918 438 3973 Bad.
458 3934 485 3971 et
505 3917 587 3972 MSS.
608 3914 756 3978 undecim,
776 3911 850 3984 qzracl
860 3917 887 3963 ei
897 3912 1011 3964 videtur
1024 3913 1188 3984 probabile,
1208 3931 1258 3964 nec
1270 3922 1382 3977 cessat,
1402 3933 1458 3966 nec
1473 3927 1564 3969 errat.

299 3995 349 4069 (11)
370 3997 435 4047 Lov.
456 3993 533 4047 libet.
546 3992 719 4045 ‘Restituitur
737 4007 771 4041 ex
791 3991 852 4041 Am.
872 3989 918 4043 Er.
939 4005 966 4041 et
985 3989 1068 4043 MSS.
1089 3991 1172 4058 liquet
1192 3988 1337 4046 deierans
1352 3990 1430 4061 quod
1454 3998 1516 4044 iam
1537 3998 1563 4044 in

222 4074 273 4128 lib.
296 4082 320 4131 1.
341 4074 461 4124 Retract.
478 4086 503 4121 c.
520 4075 545 4124 1.
560 4070 752 4119 annotavimus
773 4079 934 4135 usurpatum
955 4081 1014 4116 esse
1035 4080 1069 4115 ex
1087 4065 1240 4131 Terentio,
1262 4066 1335 4117 huno
1350 4083 1457 4137 nempe
1480 4085 1562 4137 atque

225 4151 296 4202 alios
317 4148 455 4220 politioris
474 4144 635 4199 Latinitatis
657 4156 783 4195 auctores
804 4137 936 4191 aemulari
959 4138 1070 4191 amabat
1090 4142 1260 4212 Augustinus
1275 4140 1361 4193 iubis
1379 4140 1487 4207 literis,
1508 4150 1564 4195 iarn

224 4215 339 4301 qtsidem'
362 4218 548 4273 servientibus
565 4219 648 4281 Dea,
681 4215 731 4267 sed
754 4213 845 4267 adbuc
863 4214 1009 4286 superbiae
1028 4211 1153 4267 scholam
1172 4223 1317 4286 tamquam
1336 4221 1367 4269 in
1382 4224 1560 4289 pausatione

224 4298 435 4361 anhelantibus,
455 4292 486 4349 ut
506 4298 564 4365 ipse
586 4298 624 4345 ait
645 4291 694 4345 lib.
715 4294 741 4349 9.
763 4287 844 4343 corii.
865 4309 890 4342 c.
912 4295 937 4348 lt.

300 4372 352 4449 (11)
372 4375 437 4425 Lov.
454 4374 537 4443 prius
554 4386 637 4441 quarn
655 4365 857 4418 dedocuissent.

203 4500 208 4507 .
301 4451 352 4517 (11)
372 4450 405 4501 In
423 4447 505 4500 MSS.
526 4461 608 4510 octo,
629 4439 764 4514 quomodo
783 4457 837 4508 ega
857 4438 928 4491 nilsll
944 4438 1084 4510 approbat
1103 4446 1224 4511 sapiens.

299 4524 350 4600 (11)
370 4526 404 4577 ln
423 4522 504 4575 MSS.
524 4537 610 4592 prope
631 4515 759 4570 omuibus
778 4515 970 4587 legitur,.non
989 4514 1022 4565 de
1041 4524 1128 4567 recto.

300 4603 356 4670 (¹5).
372 4599 483 4653 Annum
504 4599 601 4649 aetatis
621 4591 719 4664 agebat
740 4595 911 4647 tricesimum
932 4594 1064 4654 tertium,
1084 4590 1195 4662 quaudo
1214 4594 1322 4662 apicem
1343 4588 1480 4646 ultimum
1500 4597 1554 4645 im-

213 4679 346 4755 ‘ponebst
366 4677 432 4728 huic
452 4674 549 4744 operit
569 4685 663 4723 verum
684 4665 713 4720 id
732 4665 853 4721 scribere
868 4681 995 4736 coeperat
1015 4665 1138 4719 noudum
1159 4667 1252 4739 elapso
1273 4670 1373 4719 aetatis
1395 4684 1464 4720 suae
1485 4683 1553 4721 anuo

168 4788 188 4813 .,
225 4746 366 4810 tricesimo
392 4745 530 4805 secundo;
560 4742 670 4816 quaudo
699 4740 809 4812 quidem
834 4742 998 4794 inchoatum
1026 4732 1061 4791 ab
1090 4740 1397 4814 ipsofuitauteopus
1418 4743 1552 4794 debeata

224 4836 303 4892 vita,
335 4810 408 4896 quod
434 4819 561 4874 videlicet
580 4816 637 4872 non
652 4826 719 4890 post
737 4816 824 4868 libras
843 4816 876 4867 de
898 4815 1091 4880 Academicis,
1111 4816 1162 4868 sed
1179 4824 1254 4868 inter
1274 4817 1338 4867 illas
1358 4830 1387 4867 se
1410 4823 1550 4891 scripsisse

225 4902 319 4977 prodit
346 4901 395 4954 lib.
424 4907 449 4954 1.
477 4899 651 4951 Romaene.
679 4900 704 4948 2.
733 4896 877 4943 occasione
903 4891 959 4941 diei
986 4893 1092 4942 natalis
1111 4899 1171 4957 sui,
1198 4897 1298 4964 quiin
1322 4897 1364 4953 15.
1386 4893 1547 4950 Novembris

225 4976 386 5041 incidebat,
405 4987 437 5025 ut
457 4985 573 5025 testatur
592 4969 642 5022 lib.
662 4967 694 5018 de
714 4966 797 5018 beata
816 4973 879 5019 vita
900 4971 926 5020 iu
948 4965 1131 5038 praelatione.
