3188 5492
1302 308 1311 339 Ι

484 409 647 474 item.
693 407 891 495 onum.
1106 434 1117 511 .'
1298 412 1358 476 aot
1428 406 1459 498 s

14 555 157 633 idoneis,
195 565 233 618 ut
258 554 354 630 nihil,
389 564 535 619 autnon
568 549 698 613 multum
721 548 901 613 aditunento
925 549 993 613 ulio
1016 552 1055 614 ad
1077 553 1361 617 stram'coniirtna·
1454 604 1476 623 rx
1505 566 1510 569 ⁷
1576 564 1577 573 ¹

15 653 155 717 tiouetir²
180 649 357 734 indigeret.
391 649 490 730 Quod
511 644 672 719 autemliu
686 645 813 711 bomine
836 644 1137 727 praestantissimum
1161 652 1361 731 atqueopti-

13 768 94 809 marm
117 756 187 822 est,
214 744 248 809 id
277 743 429 807 deseruit.
486 740 559 805 Etsi
580 738 666 801 dedit
688 735 961 820 taleni-mentem,
984 760 1080 827 *quae
1109 758 1235 843 otqnetn
1257 746 1360 808 virtu.

11 843 95 905 tem2
126 840 284 922 accipere
306 848 443 920 posset,
470 834 680 918 ingenuitque
700 833 938 923 sinexdoctriua
959 835 1088 899 notitias
1111 852 1229 918 parvas
1251 860 1384 902 rerum.

13 935 246 1009 maximarum,
283 946 315 995 et
337 932 428 1017 quasi
449 931 586 994 instituit
605 932 742 1005 docere,
774 940 805 991 et
827 926 952 991 induxit
973 927 1004 991 in
1028 950 1083 1007 ea,
1107 951 1190 1012 qaae
1211 930 1358 1008 inerant,

12 1044 173 1113 tamquam
204 1026 366 1095 elementa
390 1027 531 1090 uirtutis.
588 1026 652 1087 Sed
672 1024 822 1088 virtutem
845 1023 947 1106 ipsam
968 1023 1155 1111 inchoavit:
1193 1025 1272 1089 nibil
1296 1020 1400 1090 arn-²

14 1127 105 1207 plius.
153 1123 210 1209 69.
236 1124 354 1206 Itaque
377 1132 524 1185 nostrum
548 1131 596 1182 est
606 1121 631 1194 ³,
655 1122 757 1201 (quod
779 1129 924 1185 nostrum
947 1117 1039 1194 dico,
1063 1119 1141 1183 artis
1164 1124 1247 1200 ett,)
1269 1126 1362 1188 adea

13 1216 188 1300 principia,
216 1238 302 1301 quae
324 1214 521 1296 accepimus,
546 1211 776 1297 consequentia
799 1211 989 1296 exquirere,
1014 1215 1121 1296 quoad
1141 1214 1183 1276 sit
1204 1217 1249 1292 id,
1274 1222 1363 1300 quod

16 1313 183 1387 volumus,
210 1312 382 1375 effectum:
407 1311 497 1393 quod
518 1308 645 1390 quidem
659 1304 761 1387 pluris
776 1304 816 1366 sit
834 1305 921 1367 harad
935 1305 1054 1386 pattllo,
1080 1307 1246 1392 magisque
1257 1311 1363 1395 ipsum

17 1416 153 1491 propter
169 1426 204 1467 se
218 1406 451 1486 expetendum,
477 1423 569 1483 quam
584 1413 636 1463 aut
649 1421 778 1475 sensus,
793 1409 853 1461 vaut
871 1399 1020 1480 corporis
1031 1419 1069 1461 ea
1078 1404 1092 1474 ,¹
1110 1422 1190 1483 quae
1205 1403 1361 1471 diximnsr

20 1500 132 1582 quibus
147 1511 274 1561 tautum
286 1506 433 1579 praestat
453 1494 565 1558 mentis
581 1493 741 1559 excellens
757 1490 938 1574 perfectio,
962 1503 999 1555 ut
1014 1491 1070 1555 vix
1084 1493 1223 1577 cogitari
1237 1497 1361 1578 possit,

20 1593 113 1677 qnid‘*
128 1592 274 1656 intersit.
317 1593 430 1675 ltaque
446 1587 549 1653 omnis
568 1590 692 1662 honos,
717 1586 820 1650 omnis
834 1585 1023 1662 admiratio,
1050 1584 1144 1650 omne
1160 1590 1298 1654 studium
1321 1597 1363 1657 ad
1388 1648 1398 1667 .

21 1687 166 1758 uirtutem
194 1698 230 1749 et
254 1688 370 1747 adeas
397 1685 556 1758 actiones,
581 1702 662 1766 quae
687 1680 798 1744 virtuti
821 1691 895 1743 sunt
919 1691 1171 1757 consentaneae,
1195 1685 1362 1767 relerturt

21 1778 115 1865 eaque
131 1780 265 1854 omnia,
289 1800 372 1864 quae
395 1790 448 1841 aut
466 1776 509 1840 ita
520 1776 559 1839 iti
579 1774 691 1838 animis
705 1786 798 1850 sunt,
823 1786 877 1837 aut
893 1774 937 1838 ita
953 1787 1127 1859 geruntur,
1151 1798 1218 1840 uno
1234 1779 1363 1845 nomine
1388 1778 1395 1817 l

22 1878 152 1939 honesta
183 1875 347 1937 dictmtur.
393 1872 540 1952 Quorum
557 1868 697 1933 omnium
713 1870 912 1952 †quaeque⁵
936 1870 1001 1932 sint
1020 1869 1170 1946 notitiae,
1193 1877 1364 1959 quaeque⁶

24 1968 241 2052 significentur
271 1966 401 2030 rerum⁷
432 1963 618 2044 vocabulis,
656 1982 801 2046 quaeque
820 1961 991 2049 ¹cuiusque
1023 1963 1073 2026 vis
1102 1976 1134 2027 et
1163 1978 1277 2030 natura
1297 1968 1362 2047 sit,

25 2085 96 2128 mox
117 2062 315 2125 videbimus.
806 2061 808 2066 ’
865 2104 869 2111 ,
1238 2132 1242 2143 ¹

103 2156 230 2220 XXII.
256 2155 311 2216 ol.
335 2155 411 2217 Hoc
427 2163 533 2215 autem
546 2151 623 2217 loco
637 2162 760 2214 tantum
775 2150 990 2233 explicemus,
1011 2153 1110 2230 baec,
1131 2155 1264 2245 honeqta
1281 2179 1364 2242 quae

28 2248 113 2328 dico,
136 2261 367 2333 praeterquam
391 2248 622 2331 quodnosmet
643 2245 733 2327 ipsos
749 2245 935 2329 diligamus,
959 2250 1149 2328 praeterea⁸
1171 2260 1283 2332 suapte
1305 2274 1363 2316 na·
1456 2288 1459 2303 ι

28 2355 93 2405 tura
107 2364 166 2426 per
191 2365 227 2406 se
257 2361 328 2405 esse
349 2342 541 2422 expetentia.
585 2340 731 2415 Indicant
748 2338 861 2420 puerit
885 2338 917 2402 in
932 2340 1069 2423 quibus,
1090 2354 1125 2404 ut
1137 2343 1176 2417 ,in
1202 2347 1363 2426 speculis,
1386 2330 1392 2381 l

30 2449 132 2501 nattua
148 2435 307 2500 cernitur.
332 2435 460 2515 Quanta
471 2432 573 2496 studia
589 2432 815 2497 decertantium
830 2433 940 2496 stmt⁹t
957 2447 1073 2520 qttanta
1087 2434 1157 2518 ipsa
1171 2438 1363 2504 certaminai

30 2541 62 2593 ut
74 2531 117 2594 illi
133 2532 320 2595 efferuntur
335 2527 473 2604 laetitia,
504 2548 602 2612 quum
617 2527 772 2591 vicerint!
797 2538 832 2591 ut
846 2530 944 2609 pudet
962 2528 1085 2619 victos!
1118 2542 1152 2593 ut
1166 2550 1201 2593 se
1220 2533 1365 2597 acetrsari

32 2625 154 2688 noltmt!
177 2646 278 2710 quam
291 2622 424 2704 cupiunt
436 2620 576 2685 landari!
598 2642 680 2704 quos
691 2620 881 2685 illi.lab0res
894 2641 959 2684 non
970 2622 1184 2704 perferunt,
1199 2636 1235 2686 ut
1247 2647 1364 2712 aequa.

33 2718 100 2787 lium
114 2716 284 2802 principes
299 2717 381 2780 sint!
406 2736 488 2801 quae
505 2715 657 2807 memoria
680 2714 775 2778 estin
793 2714 843 2778 bis
858 2716 939 2779 bene
954 2716 1158 2781 merentium!
1181 2740 1264 2803 quae
1277 2723 1365 2787 rele-

34 2815 139 2876 rendae
155 2811 284 2897 gratiae
296 2809 473 2892 cupiditas!
496 2810 606 2894 Atque
621 2810 694 2872 ea¹¹
709 2808 742 2872 in
760 2809 878 2892 optima
894 2830 1021 2896 quaque
1035 2811 1143 2875 indole
1158 2814 1293 2878 maxime
1305 2839 1365 2899 ap·
1431 2818 1435 2839 ⁹

36 2918 159 2985 parent3
180 2906 291 2989 inqua
302 2907 382 2968 haec
396 2904 543 2979 honesta,
557 2925 637 2988 quae
648 2903 866 2993 intelligimus,
885 2926 904 2968 a
918 2916 1032 2968 natura
1047 2912 1241 2991 tamquam¹²
1257 2912 1366 2974 adum·
1393 2966 1401 2975 ,

38 3001 173 3063 linantur.
205 3001 262 3062 62.
286 3001 350 3063 Sed
368 2997 493 3062 baecin
511 2996 670 3085 puerisP.
703 2998 794 3072 Iniis
811 3019 891 3063 vero
911 2998 1085 3075 aetatibus,
1110 3024 1192 3086 quae
1209 3003 1270 3069 iam
1287 3026 1367 3070 con-

38 3090 170 3157 firmatae
186 3089 279 3170 sunt,
303 3092 374 3178 quis
390 3104 439 3156 est
462 3104 526 3156 tam
543 3090 700 3156 dissimilis
714 3091 858 3169 bomini,
872 3093 927 3178 qui
942 3114 1007 3158 non
1028 3108 1197 3160 moveatur
1215 3110 1248 3162 et
1264 3102 1367 3169 olien-

40 3185 118 3250 sione
139 3187 370 3271 turpitudinis,
394 3197 428 3251 et
449 3185 714 3268 comprobatione
734 3186 932 3251 honestatis?
952 3186 1025 3272 quis
1046 3201 1113 3265 est,
1137 3191 1270 3274 quinon
1289 3197 1369 3257 ode.
1428 3248 1432 3255 ,

41 3278 76 3340 rit
94 3280 315 3358 libidinosam,
351 3291 538 3363 protervam
547 3280 574 3320 ¹4
596 3278 867 3344 adolescentiam?
903 3280 974 3367 quis
997 3283 1165 3347 contrairi
1186 3285 1241 3350 illa
1264 3300 1367 3353 aetate
1416 3306 1428 3351 s

1445 2486 1450 2522 l

44 3364 209 3452 pudorem,
235 3373 463 3460 constantiam,
498 3372 591 3437 etiarn
613 3372 641 3437 si
662 3394 717 3436 sua
739 3372 823 3436 nihil
837 3372 998 3449 intersit,
1019 3396 1085 3439 non
1107 3387 1209 3443 tamen
1233 3380 1368 3466 diligat?

45 3465 107 3551 quis
128 3470 259 3534 Pullum
281 3468 499 3534 Numitorium
508 3467 559 3544 1⁵,
583 3468 829 3552 Fregellanum,
866 3467 1086 3550 proditorem,
1107 3492 1299 3556 ¹quamquam
1320 3475 1370 3549 rei
1423 3508 1430 3519 ·
1512 3488 1518 3495 ’

43 3561 178 3641 publicae
200 3575 331 3630 nostrae
352 3561 495 3644 profuit,
519 3582 584 3625 non
605 3559 697 3624 odit?
720 3558 792 3644 quis
811 3556 900 3625 urbis
913 3574 1185 3629 'conservatorem
1209 3565 1367 3648 Codrum,

49 3669 1370 3697 mmmmm-...-

1390 3692 1406 3721 s

113 3717 149 3792 (¹)
171 3714 228 3773 vSic
254 3718 306 3773 Cd.
334 3717 477 3787 Stephani.
505 3716 545 3768 lu.
571 3713 679 3769 (ἴων.
706 3741 745 3758 -
770 3712 1028 3786 conformationem
1046 3719 1078 3772 P.
1097 3718 1140 3771 Μ.
1158 3719 1191 3773 Ι..
1212 3724 1295 3794 Seqq.
1316 3723 1371 3777 sed

47 3795 238 3849 animutetiarn
249 3810 315 3848 aute
323 3790 528 3863 conformante,
539 3788 755 3861 confirmatione
766 3805 874 3845 tantum
885 3790 991 3864 indiget
1002 3808 1044 3859 ea,
1055 3809 1137 3865 quarn
1146 3813 1160 3847 e
1168 3796 1294 3851 sensibus
1309 3799 1371 3853 ido-

48 3870 101 3922 nen
120 3876 239 3942 acquirit
259 3870 292 3923 ad
314 3874 439 3923 actiones
459 3883 521 3919 suas
541 3864 732 3938 perficiendas.
758 3864 837 3923 Idem
857 3884 969 3939 prorsus
987 3880 1083 3921 tentus
1103 3885 1145 3922 est
1157 3872 1181 3939 ς.
1201 3874 1248 3929 62.
1268 3891 1372 3940 „actm

49 3956 119 4009 tum,
137 3964 205 4016 quae
225 3952 282 3998 iam
301 3941 489 4017 confirmatae
507 3941 610 4005 suue”,
631 3956 658 3993 et
678 3939 788 4012 quaudo
808 3948 839 3994 in
856 3943 931 4016 Epp.
948 3942 1018 3998 dicit
1037 3944 1165 4011 Tullius,
1186 3964 1215 3998 ee
1234 3948 1320 4005 libror
1335 3951 1371 4006 da

51 4015 150 4085 Officiis
169 4017 424 4095 conscripsIsse-ad
443 4017 486 4071 M.
505 4016 555 4070 lilii
575 4015 829 4088 confirmationem.
867 4019 957 4072 Nimis
978 4036 1059 4093 saepe
1078 4021 1134 4074 hoc
1153 4040 1177 4075 v.
1198 4021 1278 4078 alteri
1299 4044 1372 4078 eon-

44 4089 177 4159 fnrmetio
196 4096 269 4171 apud
287 4098 455 4150 recentiores
475 4093 569 4145 locum
595 4106 627 4145 ut
654 4090 781 4158 cederet,
799 4107 929 4147 coactum
948 4110 999 4148 eet.
1027 4096 1121 4163 Quid?
1140 4098 1214 4168 quod
1230 4102 1371 4174 evulgata

52 4181 171 4243 corrupta
189 4178 272 4226 unice
291 4186 356 4225 nata
375 4185 417 4223 est
437 4172 541 4222 Bremii
559 4172 683 4241 suspicio
703 4184 754 4241 pro
774 4169 933 4237 indigeret,
952 4170 1115 4240 indigerem
1125 4172 1259 4245 legentis,
1280 4192 1371 4244 acute,

53 4243 130 4297 immo
148 4252 319 4312 nenessarto,
340 4250 364 4299 ti
383 4242 638 4315 conformationem
657 4248 786 4297 retineat.
813 4244 1000 4315 obloquitur,
1024 4263 1055 4301 ut
1075 4247 1164 4313 solet,
1186 4252 1220 4304 G.
1241 4251 1371 4307 subtilius

52 4332 125 4386 qnam
144 4329 241 4378 verine.
288 4324 325 4392 (t)
346 4338 409 4376 cum
429 4318 499 4373 cdd.
520 4328 545 4379 1.
566 4318 602 4375 G.
623 4324 650 4374 2.
669 4347 705 4361 —
723 4325 862 4371 virtutem
879 4325 938 4373 iam
957 4322 1061 4376 Ceteri.
1099 4322 1137 4397 (³)
1157 4323 1266 4381 SicM.
1287 4326 1318 4383 G.
1337 4331 1371 4384 L.
1392 4323 1393 4326 ’

54 4389 84 4443 St
101 4413 125 4465 q·
143 4427 179 4444 -
196 4397 348 4453 inchoavit.
367 4394 451 4450 Nihil
466 4400 560 4465 itaque
579 4399 635 4461 (ita
653 4392 697 4463 P.)
717 4395 837 4467 amplius
849 4405 976 4448 nostrum
988 4405 1033 4450 eet
1044 4399 1165 4453 Priores.
1186 4398 1224 4473 (4)
1242 4431 1281 4445 -
1299 4405 1374 4474 quod
1453 4415 1458 4424 ·

54 4411 115 4522 cdi.
134 4472 198 4546 aliq.
246 4474 282 4544 (⁵)
311 4489 350 4526 sm
367 4490 438 4544 quae
465 4469 605 4523 Matthiae
624 4486 699 4543 susp.
725 4471 828 4551 Recte,
858 4488 935 4544 puto.
981 4472 1020 4540 (ὅ)
1039 4502 1077 4515 -
1095 4480 1223 4545 queisque
1241 4477 1276 4532 D.
1297 4496 1371 4553 susp.

54 4543 140 4609 probb.
164 4550 229 4605 lim.
255 4566 283 4604 et
311 4548 416 4603 Mattb.
442 4546 549 4598 Locum
574 4546 629 4598 hoc
653 4563 711 4598 non
736 4545 829 4600 babet.
848 4548 899 4600 Est
925 4548 952 4601 h.
972 4548 991 4599 l.
1012 4566 1062 4621 pro
1080 4551 1246 4620 qualesque,
1267 4555 1323 4609 vel:
1344 4572 1373 4610 et

55 4617 141 4683 qulbus
161 4642 250 4679 rerum
269 4623 410 4680 uocabulis
430 4620 602 4694 significetur
622 4620 839 4678 commodetu-
877 4619 915 4697 (⁷)
934 4652 970 4666 -
989 4640 1084 4675 rerum
1101 4624 1168 4678 Ern.
1189 4627 1235 4699 [].
1274 4630 1311 4698 (8)
1334 4655 1374 4676 ...
1422 4626 1436 4644 ‘s

55 4706 101 4746 cm.
116 4709 260 4767 praeterea
279 4698 352 4754 Gud.
374 4715 430 4752 sec.
450 4700 582 4769 spurium
601 4695 748 4748 videbatur·
764 4697 831 4749 Ern.
882 4699 920 4765 (⁹)
940 4688 979 4743 -l-
996 4705 1056 4751 sint
1080 4700 1153 4772 Spir.
1180 4703 1236 4757 Erl
1260 4721 1298 4757 oe
1317 4704 1373 4761 del.

16 4836 18 4839 Ι
56 4778 111 4819 stent
129 4774 161 4826 G.
180 4774 207 4832 Ε,
247 4776 297 4844 (1⁰)
316 4803 354 4817 -
366 4771 475 4846 ferunt
493 4774 526 4825 V.
576 4769 760 4845 (1'²)-om.
779 4790 813 4824 ea
832 4772 898 4827 Em.
920 4783 946 4832 1.
965 4792 1018 4829 err.
1039 4791 1147 4848 typogr.
1187 4778 1374 4852 (1²)-01n,

57 4846 182 4916 tamquam
199 4855 231 4908 V.
282 4851 333 4920 (¹³)
360 4851 408 4903 Sic
432 4848 564 4912 Marsus,
586 4852 615 4901 -ti
643 4845 709 4901 fides
731 4848 898 4903 Goerenzio.
920 4850 955 4903 G.
976 4858 1003 4906 2.
1023 4881 1058 4894 -
1077 4856 1107 4902 in
1122 4858 1221 4922 peterit
1239 4875 1375 4928 expressa

59 4914 152 4988 Ceteri,
179 4933 230 4985 nist
259 4925 334 4998 quod
363 4925 431 4979 Ern.
458 4921 592 4977 stolidum
616 4921 701 4994 gloss.
731 4922 776 4994 [].
801 4922 866 4998 (14)
886 4953 924 4967 ··-
939 4935 1159 4997 protervumque
1187 4929 1237 4983 ed.
1258 4932 1373 4991 Monac.

60 4987 102 5058 (¹⁵)
119 5015 175 5055 cum
193 5002 260 5058 Cdd.
282 5012 308 5060 1.
328 5002 364 5057 G.
385 5007 412 5058 2.
431 5029 471 5043 -·
488 4999 666 5053 Numitorem
685 4995 788 5053 Citeri.
808 4997 859 5072 (-
878 4999 1074 5069 Fregellaeum
1086 5021 1134 5074 pr.
1156 5006 1190 5063 D.
1210 5014 1298 5080 susp.)
