3252 5490
497 344 686 451 nturi.
733 377 932 481 ciem
1319 387 1389 451 ,tit

74 536 105 589 ut
116 547 146 589 se
160 522 245 608 ipse¹
260 522 393 613 diligat,
417 533 451 587 ut
463 520 626 606 integrum
640 541 675 584 se
693 521 881 607 salvumque
896 521 988 587 velit.
1039 524 1143 588 Omne
1157 522 1237 587 enim
1254 525 1390 609 animal,

74 620 156 685 simui
172 630 203 681 ut
217 630 319 680 ortium
337 627 404 692 est,
426 629 457 679 et
481 638 516 679 se
535 615 656 698 ipsum,
678 626 710 678 et
726 637 836 680 omncs
846 629 954 698 partes
970 637 1043 681 suas
1059 617 1166 703 diligit
1179 642 1198 682 :1
1213 623 1388 707 duasquei,

75 736 143 798 qttae
160 713 305 777 maximae
329 723 420 787 suut,
443 711 474 773 in
497 710 610 793 primis
627 709 845 791 amplectitur3
869 712 1041 788 animum³,
1065 724 1097 779 et
1113 733 1253 796 corpus:
1276 717 1390 783 deiude

74 809 221 892 utriusque
236 806 357 889 partes.
377 807 459 875 Nam
471 816 544 867 suut
558 801 630 867 etin
644 805 748 869 enimn
765 806 939 889 praecipua
951 800 1169 913 quaedamqet
1180 808 1212 872 in
1225 832 1390 893 corpore:
1497 852 1499 869 .
1520 810 1522 823 ⁴

73 924 143 986 quine
164 904 255 986 quum
278 899 395 964 leviter
415 899 569 984 agnovit,
593 894 880 964 tumidiscernerc
902 901 1032 983 incipit,
1056 914 1091 965 ut
1106 922 1162 978 ea,
1188 924 1271 987 quae
1285 904 1393 987 prima

73 995 151 1059 data⁵
168 1007 237 1059 sttnt
256 996 390 1068 naturtl,
415 1003 563 1075 appetat,
588 992 864 1080 asperneturque⁶
886 995 1064 1060 contraria.
1111 996 1165 1060 si.
1189 997 1228 1060 In
1250 998 1299 1060 his
1321 998 1391 1081 pri.-

72 1091 122 1157 mis
143 1088 332 1152 naturalibus
356 1088 504 1170 voluptas
529 1086 620 1163 insit,
646 1106 768 1168 necne,¹
787 1110 901 1174 magna
921 1090 1066 1173 quaestio
1088 1102 1150 1155 est.
1194 1090 1283 1154 Nihil
1305 1113 1396 1167 uero⁴

71 1197 169 1268 putare
183 1184 282 1261 esse⁷,
306 1194 437 1263 praeter
457 1181 670 1262 voluptatem,
694 1203 760 1246 non
776 1182 927 1259 membra,
952 1204 1016 1247 non
1031 1202 1162 1260 sensus,
1186 1205 1251 1269 non
1271 1184 1392 1270 ingenii

72 1291 188 1356 motum,
200 1298 262 1342 nou
277 1276 492 1362 integritatem
501 1275 663 1357 eorporis,
681 1297 748 1340 non
761 1276 1004 1352 valetudinemi,
1022 1299 1162 1342 summae
1175 1281 1250 1344 milti
1261 1282 1391 1347 videtur

72 1371 209 1437 inscitiae.
253 1360 363 1456 Atque
380 1373 420 1435 ab
435 1370 521 1433 isto⁹
533 1367 636 1452 capite
651 1370 751 1433 fluere
767 1391 896 1433 necesse
911 1383 959 1433 est
971 1390 1095 1434 omnem
1110 1372 1267 1437 rationem
1282 1378 1389 1441 bono·
1427 1398 1436 1423 .

71 1489 130 1531 rum
142 1479 171 1530 et
185 1468 357 1531 malorum.
384 1463 574 1540 Polemoni,
600 1476 632 1526 et
645 1463 706 1526 iam
719 1475 791 1537 anie
799 1466 826 1504 ¹⁰
849 1463 1032 1539 Aristoteli,
1052 1486 1089 1527 ea
1104 1465 1206 1549 prima
1222 1468 1287 1531 visa
1301 1480 1387 1547 sunt,

71 1562 255 1644 quaepaullo
271 1573 346 1624 ante
361 1560 438 1626 dixi.
484 1559 613 1643 Ergo¹¹
629 1570 700 1621 nata
717 1570 764 1621 est
782 1557 938 1621 sententia
957 1545 1101 1621 vet'ernm
1119 1562 1389 1627 Academicorum
1472 1602 1475 1609 ,

70 1667 95 1717 et
113 1655 415 1736 Peripateticorum,
440 1663 475 1715 ut
496 1653 590 1715 finem
612 1654 772 1716 bonorum
796 1651 957 1729 dicerent,
982 1656 1154 1717 seeundum
1176 1667 1323 1720 naturam
1339 1658 1387 1722 vi·

71 1768 146 1827 rere,
168 1748 280 1822 idest,
304 1747 422 1811 virtute
445 1746 596 1821 adhibita,
620 1745 686 1809 frui
706 1745 816 1828 primis
839 1768 856 1808 a
878 1757 990 1811 natura
1013 1748 1106 1812 datis.
1152 1748 1322 1832 Callipbon
1346 1754 1387 1815 ad

70 1842 203 1909 uirtutem
227 1843 305 1906 nibil
327 1841 491 1917 adiunxit,
515 1838 574 1903 nisi
596 1839 816 1922 voluptatem:
851 1839 1018 1905 Diodorus
1042 1842 1230 1928 vacuitatem
1243 1847 1270 1886 ¹2
1293 1846 1388 1910 dolo·

69 1936 115 1998 ris.
155 1937 213 2000 His
236 1935 403 2012 omnibus,
427 1936 545 2021 quos¹³
567 1933 650 2010 diui,
675 1926 909 2017 consequentes
924 1947 1004 2002 ,sunt
1018 1935 1096 2000 fines
1112 1938 1285 2002 bonorum.
1309 1939 1413 2004 Ari-¹

69 2027 162 2111 stippo
183 2026 322 2113 simplex
344 2030 513 2112 voluptas:
538 2027 676 2103 Stoicis,
701 2027 882 2093 consentire
902 2041 1052 2105 naturae;
1076 2034 1166 2116 quod
1187 2054 1258 2097 esse
1275 2035 1388 2106 nolunt

70 2124 237 2200 eurtum,
274 2122 308 2188 id
330 2135 395 2200 est,
431 2125 564 2188 honeste
573 2122 599 2163 ¹¹⁵
627 2121 758 2187 viuere:
793 2124 882 2207 quod
902 2122 944 2186 ita
966 2123 1238 2206 interpretantur,
1277 2131 1388 2192 vivere

23 2234 25 2239 ’
69 2238 127 2281 cum
146 2217 356 2305 intelligentia
379 2238 485 2280 earnm
508 2238 634 2299 rerum,
673 2236 754 2300 quae
777 2229 888 2280 natura
911 2219 1096 2296 evenirent,
1137 2221 1303 2306 eligentem
1327 2245 1385 2300 ea,

68 2333 136 2396 quae
156 2325 258 2376 essent
282 2315 453 2377 secundum
476 2323 639 2388 naturam,
664 2310 920 2395 reiicientemque
931 2314 955 2352 ¹⁵
972 2315 1145 2378 contraria.
1174 2317 1227 2380 35.
1251 2318 1303 2380 Ita
1320 2328 1385 2381 tres

68 2418 128 2469 sunt
142 2395 387 2489 fiues‘expertes
402 2404 598 2470 honestatis:
625 2426 705 2469 tinus
721 2403 899 2486 Aristippi,
924 2406 977 2468 vel
993 2407 1144 2489 Epicuri3
1169 2411 1250 2475 alter
1264 2412 1388 2477 Hiero·

67 2499 158 2580 nymi,
191 2501 365 2566 Carneadis
393 2499 525 2563 tertius:
560 2510 645 2576 tres,
679 2498 712 2561 in
746 2497 860 2582 quibus
883 2501 1034 2567 honestas
1058 2523 1129 2565 cum
1151 2504 1256 2587 aliqua
1278 2528 1389 2570 acees-

66 2592 161 2671 sione,
184 2595 393 2671 Polemonis,
419 2594 632 2676 Calliphontis
642 2593 679 2669 ¹⁶,
704 2591 855 2659 Diodori.
903 2595 972 2659 Una
994 2594 1156 2678 simplex,
1181 2599 1270 2683 cuius
1294 2602 1389 2665 Zeno

22 2674 23 2683 ¹
67 2698 182 2764 eluctor,
216 2683 324 2772 posita
353 2688 385 2753 in
408 2690 526 2752 decore
549 2700 635 2764 tota,
670 2687 790 2763 idest,
825 2687 858 2753 in
881 2687 1101 2765 honestus1⁷;
1139 2713 1211 2755 nam
1232 2678 1386 2772 Pyrrho,

65 2779 177 2859 Aristo,
202 2782 361 2858 Herillus,
384 2782 445 2847 iam
461 2782 515 2845 diu
530 2782 657 2846 abiecti.
701 2780 831 2865 Reliqui
853 2780 1163 2862 sibiconstiterunt,
1188 2799 1222 2849 ut
1241 2799 1387 2853 extrema

23 2890 27 2905 '
66 2894 126 2936 enm
146 2874 239 2939 initiis
263 2868 494 2952 convenirent,
529 2889 564 2940 ut
585 2874 790 2959 Aristippo.
810 2875 978 2959 vnlrrptas,
1014 2877 1238 2960 Hieronymo,
1264 2882 1401 2947 doloris*

61 2962 214 3047 'vaettitas,
243 2969 425 3046 Carneadi,
448 2970 514 3033 frui
534 2969 698 3052 principiis
721 2969 941 3046 neutralibus,
966 2984 1050 3035 esset
1072 2985 1262 3040 extremum.
1302 3038 1305 3043 ,

93 3122 96 3127 .
136 3064 219 3129 XII.
264 3064 427 3147 Epicurus
461 3075 564 3131 autem
598 3086 695 3148 quum
728 3063 759 3126 iu
792 3062 896 3146 prima
929 3068 1202 3132 commendatione
1239 3072 1391 3153 volupta-

63 3160 150 3220 tem¹⁸
172 3160 330 3224 dixisset:
364 3158 394 3222 si
414 3180 506 3234 eam,
545 3179 640 3244 qnam
672 3157 880 3240 Aristippus,
915 3157 1000 3221 idem
1034 3173 1143 3225 tenere
1176 3165 1285 3227 debuit
1314 3166 1390 3229 ulti·

64 3270 135 3315 mum
155 3247 349 3331 bonorum,
363 3256 451 3336 qnod
471 3253 524 3317 ilie
537 3276 556 3343 r¹
569 3252 617 3317 sin
640 3275 728 3328 eam,
754 3272 848 3337 quam
870 3250 1109 3334 Hieronymus,
1133 3256 1262 3320 iecisset
1283 3258 1386 3337 idem,

62 3355 92 3406 ut
111 3348 341 3431 †t⁷oluptatcm¹
351 3347 435 3412 illam
446 3393 467 3427 ,y
481 3369 545 3412 non
557 3346 721 3429 Aristippi
730 3347 767 3422 ¹⁹,
788 3347 820 3408 in
835 3346 935 3426 prima
952 3351 1225 3414 commendatione
1236 3364 1386 3433 poneret.

61 3539 88 3593 V.
105 3538 170 3616 (non
190 3542 234 3618 P.)
275 3543 315 3617 (t)
336 3561 350 3595 e
371 3541 444 3616 Spir.
463 3541 520 3596 Erl.
541 3541 576 3596 G.
599 3547 624 3596 2.
643 3570 682 3584 -
701 3550 767 3593 tunc
787 3542 891 3598 Ceteri.
929 3541 967 3617 (⁵)
987 3573 1021 3605 ·‚-
1041 3544 1112 3597 data
1132 3547 1168 3601 G.
1188 3547 1389 3620 []De1.'Sobs

62 3619 84 3668 2.
107 3617 148 3670 'ln
167 3620 282 3673 consule
302 3620 385 3675 Beier
404 3615 496 3691 Offic.
516 3617 551 3670 Τ.
574 3627 599 3674 1.
620 3636 646 3690 p.
667 3622 712 3675 25.
752 3615 790 3691 (⁶)
809 3648 847 3661 -
866 3627 895 3671 et
913 3637 973 3691 asp.
994 3618 1067 3674 Gud.
1088 3639 1146 3693 sec.
1183 3623 1222 3690 (⁷)
1241 3631 1390 3678 -inesse

61 3689 101 3744 Br.
120 3709 192 3768 susp.
213 3694 309 3749 dubis.
348 3693 386 3761 (⁸)
405 3709 443 3745 oo
463 3693 518 3771 οφ.
539 3711 595 3743 non
614 3694 671 3746 val.
692 3689 760 3747 Cdd.
781 3693 847 3766 aliq.
880 3684 925 3763 ’(9)
945 3724 983 3738 -
1002 3700 1063 3768 ipso
1082 3698 1117 3754 V.
1154 3698 1204 3765 (¹⁰)
1225 3699 1272 3753 Sic
1293 3703 1340 3756 Bt.
1353 3702 1389 3757 G.

61 3769 221 3822 2.·—etiam
231 3767 377 3824 anteCdd.
397 3768 494 3842 pleriq.
517 3770 558 3822 M.
579 3767 661 3822 Grut.
683 3778 709 3826 1.
727 3784 767 3823 eto
785 3778 813 3821 ei
831 3779 897 3822 ante
917 3769 986 3824 Cdd.
1008 3774 1036 3824 P.
1057 3773 1104 3826 Cr.
1125 3776 1158 3827 V.
1179 3775 1209 3828 L.
1230 3777 1264 3829 D.
1292 3774 1392 3852 (11)...

61 3836 102 3892 Ετ
117 3860 168 3915 quo
187 3846 293 3902 Nescio
312 3849 391 3898 cuins
412 3842 441 3899 c.
462 3841 535 3918 apud
556 3846 586 3897 l..
607 3845 654 3898 Br.
674 3872 713 3886 -
731 3840 807 3897 Hinc
826 3864 897 3916 engo
917 3847 949 3900 L.
970 3864 1045 3920 susp.
1065 3866 1122 3901 nnn
1143 3866 1263 3924 recepta.
1289 3882 1326 3895 -
1344 3852 1389 3906 En

65 3913 124 3972 Erit.
143 3937 218 3996 susp.
269 3922 321 3989 (ίῖ)
348 3919 395 3974 Sic
421 3919 491 3996 qdd.
535 3919 615 3993 leriq.
635 3921 667 3974 P.
687 3923 732 3975 Cr.
752 3921 786 3974 V.
807 3922 844 3976 G.
865 3927 893 3978 2.
911 3951 949 3965 -
967 3927 1024 3974 nisi
1044 3942 1108 3977 vac.
1129 3925 1171 3979 M.
1190 3926 1221 3980 L.
1241 3927 1276 3980 D.
1298 3935 1323 3985 1.
1343 3930 1390 3983 Bt.

65 3992 109 4060 (¹³)
123 4023 161 4039 -
177 4015 249 4068 quae
268 3998 371 4051 Nescio
391 4012 461 4066 quae
480 3938 550 4049 Edd.
570 4010 637 4050 vett.
657 3992 730 4070 spnd
749 3996 815 4051 Era.
836 4005 905 4065 (non
925 3998 974 4063 P..
994 4015 1052 4050 non
1072 3996 1128 4072 ln,)
1149 4001 1228 4073 prob.
1249 4003 1330 4056 Rath.
1351 4034 1391 4050 -

65 4064 132 4123 liter
150 4073 205 4123 His
224 4104 244 4116 -
261 4104 282 4116 -
300 4103 319 4116 ·
338 4071 475 4124 bonorum
493 4068 546 4124 del.
568 4085 662 4125 censet
682 4071 822 4125 Matthiae
842 4093 868 4147 p.
890 4073 954 4131 126.
991 4071 1043 4147 (11)
1062 4098 1101 4118 ι·-
1119 4073 1264 4129 honestate
1283 4097 1300 4130 e
1319 4076 1388 4134 cdd.

65 4138 95 4196 ὓ.
141 4144 191 4222 (¹⁵)
220 4147 269 4203 sic
295 4147 345 4203 Cd.
365 4147 426 4201 Mo.
446 4146 513 4202 Alii.
534 4148 569 4202 D.
589 4145 670 4220 Seqq.
690 4178 729 4192 -
747 4149 874 4217 eligente
888 4180 907 4193 -
926 4178 946 4191 -
965 4154 1159 4223 reiicienieque
1177 4151 1248 4206 Edd.
1268 4168 1333 4206 ente
1351 4154 1401 4209 D..

65 4215 110 4286 (¹⁶)
127 4238 142 4274 e
161 4221 231 4278 Cdd.
253 4225 289 4279 G.
308 4230 336 4285 2.
356 4252 393 4267 -
413 4220 585 4296 Calliphonis
604 4219 675 4278 Edd.
695 4239 759 4278 ante
779 4225 816 4279 G.
855 4221 1105 4297 (¹⁷)st01u.cr.
1129 4228 1160 4279 V.
1180 4228 1393 4284 M.t.-om.

63 4295 91 4345 t'n
111 4296 209 4354 Ceteri.
235 4298 366 4366 Excidit,
396 4302 461 4371 quia
487 4296 649 4351 scribebant
676 4299 710 4351 id
735 4307 779 4350 est
798 4298 922 4372 simplici
943 4304 1014 4365 .i.,
1045 4316 1077 4354 nt
1096 4299 1180 4356 hebet
1201 4305 1231 4356 P.
1251 4312 1314 4355 tota
1333 4310 1403 4359 .ι“..

54 4363 216 4442 bominis,
243 4376 300 4429 ln:
320 4382 383 4441 iota
403 4378 436 4428 .i
448 4411 456 4427 .
475 4377 506 4425 in
524 4371 588 4427 ion.
641 4373 693 4448 (¹³)
711 4388 749 4428 oo
766 4376 943 4447 voluptatem
960 4390 1020 4428 esso
1039 4377 1070 4432 L.
1090 4376 1175 4431 tolno.
1225 4377 1277 4447 (¹⁹)
1297 4380 1388 4433 Locus

64 4456 220 4522 correptus,
241 4449 274 4504 ds
294 4468 349 4521 quo
368 4442 430 4519 ride
449 4453 536 4503 etiam
549 4450 630 4503 Beier
648 4447 741 4524 offic.
761 4450 797 4504 Τ.
818 4458 844 4509 1.
865 4468 892 4524 p.
914 4455 941 4509 5.
968 4451 1007 4505 Ut
1028 4470 1096 4520 nos,
1113 4451 1218 4508 Elient.
1238 4470 1295 4509 see.
1308 4453 1391 4530 (neu-

64 4521 161 4592 tiquam
181 4543 247 4579 vero
266 4524 471 4590 Crotandr.,.ut
490 4527 521 4577 ln
540 4523 645 4578 tslibnr
662 4541 708 4579 sae
730 4529 824 4579 isslms
843 4541 938 4579 errans
959 4530 999 4580 alt
1019 4531 1055 4582 (i.
1081 4529 1195 4583 Utinam
1213 4545 1308 4601 quaes
1321 4527 1391 4587 Cdd.

64 4599 115 4648 mts
133 4597 229 4663 silere,
254 4599 306 4655 itt·
326 4598 454 4674 digniora
472 4597 562 4666 sinti)
593 4603 625 4654 ii.
653 4600 692 4653 t..
750 4601 797 4655 Br.
824 4597 859 4656 G.
890 4623 928 4640 -
947 4616 1004 4656 nm.
1024 4611 1081 4654 nnn
1099 4619 1164 4657 ante
1184 4606 1326 4679 Aristippi
1345 4606 1389 4660 ln.

64 4668 133 4727 Cret.
160 4676 194 4730 V.
216 4677 258 4731 M.
278 4677 309 4731 L.
330 4688 357 4734 1.
375 4704 415 4719 -
430 4673 538 4747 nolupt.
558 4674 688 4728 illumin
711 4695 758 4750 pr,
779 4679 898 4743 (omisso
917 4693 1015 4731 nostro
1034 4695 1092 4730 non
1112 4680 1253 4754 Aristippi
1272 4698 1301 4736 et
1321 4680 1393 4734 auo·

64 4760 117 4800 tum
141 4751 302 4825 Aristippi.)
329 4750 380 4807 ed.
404 4749 512 4804 Ursini.
541 4750 661 4807 Marsus.
683 4751 749 4807 seu.
771 4757 798 4814 2.
818 4747 873 4806 sei
895 4752 941 4807 P.:
960 4782 999 4797 -
1017 4753 1090 4807 idem
1100 4753 1225 4826 ficisset
1243 4755 1311 4832 (tic)
1331 4773 1389 4809 nort

62 4822 231 4895 votprateat
252 4828 330 4881 illam
358 4828 502 4899 Aristippi
526 4830 556 4876 in
570 4844 618 4899 pr.
644 4827 719 4881 ilinc
737 4824 791 4900 leg,
810 4825 933 4881 videtur:
951 4825 1077 4901 chimt
1094 4831 1185 4897 idem,
1205 4841 1237 4884 ue
1254 4839 1391 4885 pacidia-

62 4899 112 4949 tem
129 4901 222 4968 ulam,
248 4921 304 4955 non
329 4903 503 4975 voluptatem
522 4900 664 4973 Aristpspi
690 4909 720 4955 in
736 4920 783 4974 pr.
810 4903 921 4959 stmttn
939 4920 1001 4959 roc.
1021 4913 1194 4975 vacuitatem
1213 4940 1233 4952 -
1247 4909 1388 4982 volupta-

61 4973 230 5032 reminierit
250 4980 303 5032 sibi
325 4976 446 5033 inerunt.
821 5014 826 5027 ·
1159 5008 1165 5019 .
1419 4986 1425 4999 ¹
