3226 5488
205 419 269 484 368
765 418 974 487 MORELII
1581 454 1582 501 l

204 544 428 633 coniunctum,
451 580 544 644 quiam
566 580 680 642 sapere
701 558 806 644 ipsunt
828 561 1013 644 seperatim.
1058 561 1163 625 Nsm”
1182 574 1246 627 cet.
1290 564 1329 627 In
1346 563 1447 629 veteri
1467 565 1520 630 Co·
1581 558 1582 563 ¹

207 654 276 717 dice
293 652 341 715 sic
362 652 500 736 legitur:
538 653 688 726 „Etenim
707 655 733 717 si
756 667 786 718 et
807 674 920 736 supere
942 659 1157 739 expetendum
1179 658 1220 720 sit
1244 668 1274 720 st
1296 660 1435 740 ualere,
1458 682 1520 724 cos·

204 749 345 812 iunctum
367 758 538 830 utrumque
561 747 663 831 surgis
684 752 895 831 expetendum
915 749 975 823 sit,
1011 772 1106 833 quiunt
1128 772 1242 832 sapere
1270 750 1376 832 ipsum
1409 775 1521 835 separa-

114 890 124 907 .
206 842 276 905 tim.
322 844 404 904 Nam
420 841 474 925 qui
497 841 708 905 valetudinem
724 842 942 905 aestimatione
957 843 1061 928 aliqua
1078 843 1205 927 diguam
1225 843 1420 920 indicemus,
1439 869 1523 933 neque
1582 874 1583 933 ι

205 936 330 1000 tumen”
352 947 416 999 cet.
460 934 528 999 Alii
547 934 687 1000 Codices
708 938 802 1018 plura
824 937 942 999 habent
963 936 995 998 in
1017 938 1102 999 hunc
1122 939 1273 1001 modulus
1297 938 1449 1011 „Etenim
1463 943 1523 1002 siet

205 1052 319 1112 sapere
341 1033 551 1112 expetendum
576 1029 616 1094 sit
638 1040 670 1092 et
687 1031 814 1104 velere,
839 1031 1042 1095 coniunctum
1064 1043 1231 1115 utrumque
1253 1031 1355 1115 magis
1383 1047 1523 1115 expeten-

205 1127 277 1185 dum
307 1122 368 1209 sit,
405 1143 498 1208 quam
521 1144 633 1206 sapere
662 1123 788 1188 solum:
824 1146 926 1210 neque
949 1137 1052 1188 tamen
1079 1125 1106 1187 si
1133 1112 1302 1210 utrumque
1323 1126 1367 1189 sit
1390 1130 1524 1190 aestima·
1583 1170 1584 1259 1

204 1220 292 1282 tione
315 1218 461 1304 dignum,
486 1218 586 1300 pluris
611 1217 652 1281 sit
683 1219 907 1294 coniunctum,
940 1241 1033 1303 quum
1058 1240 1172 1301 supere
1204 1220 1308 1302 ipsum
1332 1235 1522 1302 separatum

205 1334 276 1374 nant
300 1311 356 1396 qui
378 1311 589 1376 valetudinem
605 1313 822 1376 aestimatione
837 1313 941 1398 aliqua
965 1315 1091 1398 dignam
1104 1304 1286 1388 vidctmue3
1309 1336 1418 1400 nequis
1433 1329 1522 1379 tames

207 1407 304 1471 estu”
327 1417 391 1469 cet.
1583 1406 1584 1409 ’

287 1501 391 1584 Quod
410 1500 502 1563 idem
522 1500 745 1584 Peripatetici
762 1522 831 1565 non
852 1502 981 1581 tenent]
1004 1502 1130 1565 Vetus:
1153 1501 1354 1574 „tenerent”
1471 1568 1474 1575 ,
1583 1556 1584 1571 2

288 1602 320 1672 §.
344 1595 397 1658 ts.
421 1595 460 1658 Iu
495 1596 597 1660 veteri
629 1596 751 1660 Codice
777 1618 840 1659 nou
866 1595 1011 1661 Murice
1033 1597 1089 1656 sed
1110 1595 1219 1659 meilis
1240 1595 1371 1679 legitur.
1420 1601 1522 1680 Queae·
1583 1594 1584 1671 ᾖ

203 1711 335 1774 cunque
360 1701 557 1773 opportuna
577 1690 753 1771 dicuntur]
776 1689 860 1756 Atii:
892 1709 1121 1773 „quaecuuque
1140 1690 1358 1772 opportuns.'’
1407 1692 1520 1753 Vetus:

129 1824 132 1831 ·
205 1804 308 1868 „quse
331 1784 551 1865 opportuns.''

184 1868 187 1877 ’
287 1884 318 1954 §.
342 1879 396 1941 tt).
421 1878 658 1961 Cogitationes
679 1877 1080 1965 comprehensiouerque]
1103 1876 1242 1941 Meliust
1266 1876 1522 1961 „cognitionee”
1584 1918 1585 1957 g

163 2000 167 2013 ·
288 1978 319 2050 §.
343 1973 397 2037 63.
420 1964 495 2038 Nec
523 1975 606 2036 haec
633 1975 753 2058 posita
780 1995 849 2071 non
883 1973 1001 2058 aliquo
1031 1983 1146 2034 essent
1168 1971 1391 2054 praeposita]
1430 1972 1523 2034 Vetus
1584 1980 1585 1983 ’

203 2066 339 2133 Codex:
372 2090 456 2141 „uec
479 2070 543 2132 hoc
569 2070 677 2150 posito
699 2089 762 2132 uon
786 2069 890 2155 aliqua
913 2078 996 2130 esset
1017 2064 1238 2147 praeposits.'’
1283 2066 1318 2128 Si
1338 2088 1404 2145 pro
1428 2077 1522 2138 „esset

175 2226 177 2231 ,
202 2162 297 2225 esse''
320 2162 462 2246 legamus
475 2205 484 2235 ,
508 2184 584 2225 vers
600 2162 678 2239 erit,
702 2174 739 2225 ut
754 2162 915 2236 arbitror,
941 2181 1022 2245 quise
1037 2173 1086 2222 ost
1100 2162 1131 2223 in
1152 2160 1255 2224 veteri
1269 2159 1396 2224 Codice
1411 2161 1520 2223 lectio:

202 2279 285 2333 „uec
307 2257 370 2320 hoc
387 2258 494 2337 posito
519 2278 582 2320 nou
608 2257 711 2341 aliqua
734 2277 803 2319 esse
825 2254 1044 2337 praeposite.''
1089 2254 1186 2334 Quod
1210 2254 1374 2336 sequiturz
1401 2257 1522 2329 „Recte

201 2350 300 2436 igitur
321 2351 400 2412 haec
416 2350 501 2413 fectu
524 2349 684 2414 distinctio
703 2351 778 2413 est'’
801 2361 895 2412 vetus
918 2348 1033 2415 Codex
1047 2350 1164 2410 habet:
1189 2348 1392 2421 „delinitio”
1416 2347 1521 2412 Pssdlo
1585 2378 1586 2389 ι

120 2504 123 2511 ,
158 2436 164 2446 ’
201 2466 318 2526 supra,
342 2443 398 2507 ubi
419 2443 490 2506 elii:
515 2444 652 2529 „Itaque
672 2444 704 2506 id
726 2442 920 2505 delinimus”
945 2453 1055 2506 retus:
1079 2441 1199 2526 „idente
1222 2440 1264 2504 its
1285 2442 1488 2506 definimus.”
1585 2476 1586 2481 ι

161 2530 164 2541 “
287 2545 319 2615 §.
343 2540 397 2603 56.
421 2538 520 2602 Bono
539 2536 713 2616 valetisdo]
737 2539 840 2600 Vetus
865 2538 979 2600 habet:
1004 2537 1149 2621 „integre
1175 2537 1359 2599 valetudo.'’
1537 2542 1539 2547 '

288 2638 319 2710 §.
344 2634 397 2697 57.
423 2633 487 2698 Ubi
509 2632 561 2696 atii
583 2631 736 2715 scriptum
752 2634 887 2695 hsbeut:
911 2631 947 2695 in
968 2652 1047 2694 eam
1056 2630 1323 2714 porrigendam]
1344 2631 1401 2694 ille
1417 2633 1521 2694 habet:

203 2725 294 2802 „eius
316 2748 409 2791 osust
432 2727 698 2812 porrigendum.”

286 2828 317 2898 §.
342 2822 395 2887 59.
417 2823 523 2888 Omni
542 2820 662 2910 officio
676 2820 885 2903 continetur]
904 2818 985 2884 Atii:
1011 2817 1192 2897 „communi
1206 2818 1356 2884 officio.''
1386 2821 1520 2883 ·Vetus:

200 2914 361 2989 „omnimo
384 2916 493 2981 officio
515 2916 731 2981 continetur.'’
774 2917 779 2927 '

286 3016 317 3087 §.
341 3010 395 3072 60.
417 3010 533 3075 Huius
555 3008 713 3099 officium
737 3021 788 3073 est
813 3034 831 3073 e
854 3009 925 3073 uita
945 3009 1126 3090 excedere]
1150 3010 1188 3073 Io
1205 3021 1336 3073 vetusto
1351 3007 1518 3092 exemplari

199 3101 340 3186 legitur:
360 3104 421 3175 „de
444 3103 510 3166 vitu
532 3104 724 3167 excedere.'’
767 3105 884 3168 Paullo
903 3114 996 3183 post,
1020 3101 1075 3166 ubi
1095 3102 1148 3165 dii
1169 3104 1401 3178 „desciscereu
1423 3103 1516 3178 vita”,

199 3196 326 3279 quidam
349 3196 478 3280 legunt:
502 3196 661 3271 „deficere
679 3219 697 3262 ιι
716 3196 816 3260 vits.”
860 3197 937 3259 MS.
961 3197 1057 3258 hahet
1079 3196 1256 3271 „desistere
1278 3217 1295 3257 u
1317 3196 1421 3260 vits.’'

285 3296 316 3368 §.
340 3290 394 3354 63.
418 3293 458 3355 In
483 3292 670 3376 quibusdam
694 3289 861 3358 Ciceronis
884 3288 1062 3354 Codicibus
1084 3309 1148 3371 pro
1176 3289 1423 3365 „Pinnotcres”
1447 3289 1518 3376 legi·

198 3382 252 3447 lu'r
273 3384 560 3467 „Pinnophylsxss’
643 3408 646 3416 ·
1340 3448 1345 3455 ,

282 3486 313 3556 §.
338 3480 392 3542 67.
415 3481 484 3564 Qui
506 3492 651 3564 negaret
668 3479 838 3544 iniustum
842 3476 951 3571 fore]
964 3477 1053 3540 MS.
1070 3474 1185 3543 Codes
1208 3476 1416 3562 „migraret”
1441 3479 1517 3571 quod

196 3575 317 3656 probat
341 3572 545 3638 Cumernrius
569 3586 601 3636 et
625 3573 805 3638 Victorius.
873 3578 877 3589 ’
1515 3619 1519 3625 ·

282 3673 314 3745 §.
338 3667 392 3733 69.
417 3669 462 3730 Ut
483 3688 569 3752 ergo
582 3669 817 3749 conservetur]
839 3670 945 3732 Vetus
967 3667 1083 3729 habet:
1108 3678 1167 3741 „ut
1182 3686 1261 3728 vero
1277 3662 1515 3728 conservetur.¹'

282 3765 313 3837 §.
331 3759 392 3823 ct.
417 3761 611 3824 Temeritas
631 3752 874 3845 ignoratioque
895 3760 1020 3823 vitiosa
1040 3770 1114 3832 est,
1138 3759 1182 3821 ab
1202 3758 1256 3821 his
1280 3780 1323 3822 ea
1344 3782 1434 3845 qaue
1460 3762 1516 3823 tol·
1565 3836 1570 3851 ι

196 3853 237 3916 lit
261 3856 344 3937 haec
366 3852 490 3935 virtus]
525 3855 564 3917 ln
586 3853 690 3918 veteri
715 3866 781 3918 est:
816 3852 1000 3928 ‚,temeritss
1028 3851 1271 3939 ignorsotiaque
1303 3852 1421 3918 vitioso
1455 3864 1513 3927 est,

110 3992 118 4007 .
196 3968 249 4010 srs
271 3968 328 4023 ea,
354 3968 436 4032 quae
458 3947 542 4011 tollit
561 3950 656 4026 haec,
683 3948 785 4011 virtus
808 3946 970 4012 nominata
990 3946 1072 4011 est.''
1477 4026 1481 4033 ι

281 4047 321 4120 §.f
338 4042 391 4105 76.
413 4044 645 4109 Exstructum
658 4064 786 4127 rogum
795 4040 1015 4126 protudieeet]
1030 4040 1069 4102 ln
1084 4038 1186 4103 veteri
1195 4052 1262 4103 cett
1286 4037 1513 4122 „pertulisset”

193 4156 289 4222 quam
311 4133 406 4200 etiam
428 4134 596 4199 lectionem
618 4138 797 4201 adnotatam
819 4137 958 4200 habebut
978 4132 1171 4198 Basilee'nsis
1194 4132 1323 4199 Codex.
1447 4160 1450 4165 ·

738 4276 885 4343 LIBER
907 4276 972 4341 IV.

155 4414 159 4424 “
277 4413 310 4486 §.
334 4408 367 4473 1.
390 4409 739 4492 Novolegevideam]
764 4408 868 4471 Vetus
892 4404 1010 4472 Codex
1023 4411 1137 4473 habet:
1161 4429 1261 4481 ,noea
1275 4404 1510 4493 legesudiam.'’

278 4505 321 4568 In
342 4503 406 4564 hoc
427 4523 505 4565 mea
522 4523 630 4565 cauea
647 4514 783 4584 tempus
798 4501 991 4566 dilaturum
1000 4503 1123 4587 putus]
1146 4507 1184 4569 ln
1205 4498 1509 4584 vetustoexempleri

193 4606 261 4658 est:
285 4595 341 4669 ,in
362 4596 423 4657 hsc
445 4615 495 4659 rue
518 4616 613 4659 causa
634 4606 758 4677 tempus
780 4595 970 4658 diuturnu’
995 4609 1059 4661 cet.
1130 4622 1139 4653 x

276 4696 307 4766 §.
332 4688 364 4751 9.
390 4691 483 4751 tum
510 4709 577 4771 ego
598 4709 668 4751 non
690 4710 744 4753 me
767 4692 903 4753 hercule
931 4692 1041 4772 soleo]
1064 4691 1163 4757 Addit
1189 4704 1300 4756 vetus:
1339 4688 1436 4766 „Non
1465 4706 1505 4747 nte

189 4783 340 4857 hercule,
363 4780 512 4866 inquam,
535 4780 661 4846 soleo.''
1257 4802 1261 4821 ¹
1308 4812 1314 4821 ¹
1483 4853 1487 4863 .

275 4882 306 4950 §.
331 4875 363 4936 6.
388 4878 442 4939 De
448 4872 671 4965 fortitudove
692 4877 892 4952 hominum,
923 4879 966 4942 de
980 4877 1090 4962 opinis
1102 4878 1319 4954 vellentium,
1343 4889 1381 4940 ut
1397 4870 1501 4944 Stoici,

189 4989 249 5029 nec
272 4987 354 5051 ossa
380 4968 601 5053 medentium]
624 4969 675 5032 Its
709 4970 841 5032 lllsrsds
872 4969 970 5054 legit:
1009 4975 1069 5045 „de
1099 4971 1306 5036 fortitudine:
1341 4994 1399 5035 nec
1425 4986 1502 5031 more
