3188 5492
127 426 137 438 '
240 419 439 489 CONTRA
458 352 774 488 ACADEMICOS
805 422 898 486 LIB.
924 422 972 491 11
1018 421 1062 488 C
1087 423 1120 515 5
1144 424 1177 487 d.
1271 360 1273 371 Ι
1314 422 1377 491 239

42 554 178 651 resque,
200 563 275 627 iude
295 562 504 647 pseudomeni
520 574 552 626 et
566 562 686 629 soritae
701 563 732 625 in
747 520 829 626 illius
845 570 975 627 cartesae
990 563 1173 646 patrocinio
1188 563 1376 672 viguerunt.
1527 590 1539 635 s

10 718 14 723 .
51 665 92 727 Et
113 682 205 744 quum
228 662 268 723 ab
290 661 403 723 eodem
426 659 558 721 Zenone
580 657 798 764 accepissent,
832 658 911 723 nihil
940 680 1009 722 esse
1038 659 1163 741 turpius
1189 681 1281 742 quiam
1306 660 1376 742 opi·
1448 728 1457 737 ,

51 756 129 829 nari,
152 745 359 819 confecerunt
381 750 601 826 callidissime,
626 761 661 815 ut
684 752 710 815 ei
733 738 810 814 nihil
832 752 955 835 percipi
976 764 1113 835 posset,
1144 766 1176 817 et
1198 765 1282 817 esset
1302 753 1376 835 epi-

51 848 132 915 natio
155 848 353 929 turpissima,
377 847 454 911 nihil
476 867 614 930 unquam
638 846 766 929 sapiens
787 849 997 929 approbaret.

130 944 180 1006 tt.
204 943 291 1006 Hinc
312 941 359 1005 eis
380 941 500 1005 invidia
523 962 639 1025 magna
659 941 797 1007 conflata
819 953 888 1005 esta
913 941 1082 1007 videbatur
1104 940 1187 1007 enirn
1209 961 1278 1003 esse
1298 961 1378 1006 con.-

50 1059 198 1124 sequeus,
238 1048 273 1098 ut
305 1035 394 1101 nihil.
413 1048 544 1119 ageret,
582 1035 636 1119 qui
665 1035 743 1099 nihil
771 1031 990 1118 approbaret„
1041 1038 1136 1101 Unde
1152 1032 1381 1109 ,dormientem

50 1153 185 1214 semper,
221 1144 252 1193 et
273 1129 452 1199 officiorum
476 1129 615 1193 οιιιιιιιιιιι
638 1131 851 1215 desertorem,
884 1130 1059 1212 sapientem
1080 1152 1170 1213 suum
1194 1128 1383 1213 Academici

51 1228 225 1291 describere
253 1226 459 1299 videbantur,
499 1244 592 1308 quem
621 1223 698 1289 nibil
722 1227 907 1305 approbare
930 1227 1112 1289 censebant.
1172 1225 1237 1289 Hae
1258 1222 1306 1286 illi
1327 1222 1377 1305 in,-
1459 1246 1462 1255 ¹

48 1325 139 1386 dacto
162 1322 300 1403 <quiedam
315 1318 497 1400 probabili„
513 1317 708 1402 quodetiam
727 1317 912 1387 verisimile
928 1317 1147 1391 nominabant,
1171 1317 1259 1381 utillo
1278 1319 1375 1395 modo

49 1437 166 1478 cessare
184 1413 359 1495 sapientem
379 1417 418 1475 ab
439 1413 551 1479 officiis
568 1414 774 1486 adserebant,
800 1434 896 1494 quum
918 1413 1053 1475 haberet
1074 1411 1151 1494 quid
1173 1420 1386 1493 sequeretur,
1465 1444 1469 1451 ·

50 1510 159 1572 veritas
182 1521 287 1573 autem
308 1509 534 1590 siveprepten
553 1518 689 1571 naturae
710 1509 860 1573 tenebras
882 1508 1050 1588 quasdam,
1086 1505 1153 1573 sive
1175 1517 1311 1609 propter
1333 1504 1376 1567 si·
1464 1564 1466 1570 ,

51 1604 249 1667 militudinem
271 1624 391 1677 rerum,
416 1604 468 1666 vel
489 1605 616 1687 obruta,
634 1603 695 1665 vel
716 1601 851 1665 confusa
865 1600 1017 1665 latitaret.
1063 1598 1215 1680 Quamvis
1231 1609 1263 1660 et
1278 1598 1379 1679 ipsam

47 1697 293 1761 refrenationem
318 1707 350 1759 ιι
372 1695 469 1779 ιιιιιιι
484 1695 722 1778 suspensionem
737 1695 939 1765 assensionis
959 1713 1104 1779 magnam
1127 1713 1262 1785 prorsus
1277 1693 1379 1755 actio·

51 1815 115 1856 ιιιιιι
137 1791 290 1896 sapientis
311 1810 380 1853 esse
403 1790 561 1854 dicebant.
606 1789 733 1854 Videor
755 1791 832 1857 mihi
854 1791 995 1855 breviter
1016 1800 1144 1861 totum,
1169 1796 1204 1848 ut
1228 1776 1377 1859 voluisti,
1403 1809 1410 1819 ·

9 1948 13 1955 ,
50 1885 254 1992 exposuisse,
293 1884 437 1968 nihilque
459 1882 630 1949 recessisse
652 1904 670 1945 a
695 1885 966 1967 praescriptione,
1005 1881 1125 1964 Alypi,
1162 1893 1235 1955 tua,
1269 1878 1302 1941 id
1332 1890 1380 1940 est

49 1981 166 2064 egisse,
190 1991 228 2042 nt
250 1977 385 2052 dicitur,
410 1978 591 2041 bonafide.
621 1977 777 2041 sienim
801 1979 919 2062 aliquid
941 1978 1001 2049 vel¹
1018 1998 1079 2041 non
1102 1975 1146 2051 ita
1168 1986 1203 2037 ut
1226 1984 1273 2036 est
1296 1971 1376 2046 dixi,

50 2074 97 2135 vel
117 2072 206 2136 forte
229 2093 293 2157 uon
315 2071 401 2147 dixi,
426 2070 505 2135 nibil
526 2071 691 2135 voluntate
713 2094 730 2134 a
753 2095 803 2136 me
823 2072 943 2137 facturn
967 2083 1027 2137 est.
1080 2071 1170 2137 Bona
1193 2086 1276 2151 ergo
1298 2066 1405 2128 fides.

49 2178 109 2240 est,
133 2165 292 2235 exanimi
314 2166 480 2235 sententia.
540 2166 675 2231 Homini
704 2165 791 2238 enim
814 2168 913 2232 homo
942 2166 1043 2229 fals'us
1066 2165 1248 2237 docendus,
1280 2159 1379 2223 fallax
1434 2210 1439 2221 ,

49 2263 203 2339 cavendus
238 2261 334 2323 debet
365 2258 491 2323 videri:
530 2281 667 2343 quorum
696 2261 787 2344 prius
816 2261 1004 2345 magistrum
1034 2260 1177 2332 bonum,
1215 2254 1379 2337 posterius

50 2355 233 2436 discipulum
255 2366 380 2417 cautum
404 2353 573 2417 desiderat.

129 2438 194 2512 13.
207 2450 293 2510 'l'um
314 2448 480 2529 Alypiusa-
493 2448 646 2525 Gratum,
672 2448 794 2556 inquit,
817 2449 942 2524 habeo,
967 2468 1064 2531 quum
1087 2456 1119 2507 et
1139 2443 1289 2507 Licentio
1313 2453 1380 2504 ate

49 2543 251 2606 satisfactum
263 2553 330 2617 est,
355 2554 387 2607 et
409 2564 458 2605 me
481 2563 580 2607 onere
601 2544 754 2626 imposito
775 2542 939 2613 relevasti.
995 2543 1071 2606 Non
1093 2539 1174 2603 enim
1199 2538 1297 2622 magis
1320 2534 1381 2598 tibi
1462 2584 1467 2611 ι

50 2641 218 2703 verendum
249 2648 339 2712 erat,
376 2658 422 2700 ne
445 2637 521 2720 quid
548 2637 740 2719 explorandi
768 2640 829 2703 mei
858 2657 968 2700 caussa
998 2635 1100 2697 minim
1126 2643 1198 2695 ate
1221 2631 1391 2733 diceneum

52 2736 129 2811 (nam
153 2733 217 2796 alio
241 2734 337 2796 modo
361 2733 414 2814 qui
436 2730 507 2793 fieri
529 2732 695 2813 ροιιιιιῖ)
718 2752 812 2816 qnam
834 2731 929 2808 mihi,
960 2729 1040 2795 siin
1064 2747 1225 2811 quoquam
1247 2737 1278 2787 tc
1300 2747 1381 2806 pro·

51 2829 130 2891 dere
141 2827 256 2891 fuisset
279 2847 421 2890 necesse.
467 2826 576 2907 Quare
596 2825 712 2902 saxu,
722 2839 757 2893 ut
778 2827 864 2891 illud
878 2828 967 2912 qrred
988 2827 1095 2898 deest,
1128 2842 1193 2886 non
1219 2833 1280 2881 tam
1304 2841 1380 2900 per-

51 2921 239 2996 contationi,
274 2943 368 3004 quam
390 2920 454 3003 ipsi
476 2922 681 3003 percontanti
701 2923 743 2985 de¹
762 2920 942 2995 differentia
965 2934 1069 2982 novae
1091 2937 1130 2978 ac
1152 2912 1270 2978 veteris
1293 2914 1381 2987 Aca-

51 3017 182 3093 demiae,
199 3037 260 3078 *ne
291 3027 324 3077 te
353 3016 671 3098 pigeataexponere.
726 3017 887 3090 Prorsus,
925 3017 1073 3097 inquam,
1110 3009 1236 3083 fateor,
1274 3005 1379 3091 piget.

53 3109 154 3188 Quare
174 3109 365 3191 heneficium
388 3109 531 3183 dederis,
562 3112 652 3188 (nam
681 3121 714 3172 et
742 3111 807 3175 hoc
834 3111 928 3191 quod
957 3123 1210 3190 commemoras,
1242 3103 1281 3162 ad
1313 3121 1381 3161 rem

52 3204 182 3270 ιιιιιιιιιιι
197 3204 358 3285 pertinere
376 3225 493 3288 negare
510 3225 573 3268 non
586 3204 765 3293 posstuu)
741 3225 767 3267 ιι
780 3206 829 3269 uie
840 3203 1014 3284 paullulum
1026 3196 1282 3280 conquiescente,
1297 3196 1384 3276 apud

52 3318 97 3359 me
117 3298 394 3382 distingueremus
418 3299 564 3374 nomina,
596 3311 628 3361 et
657 3319 798 3365 caussam
828 3317 934 3363 novoe
956 3291 1149 3361 Academiae
1172 3288 1297 3371 aperire
1322 3308 1382 3350 vo·
1485 3288 1489 3291 ’

7 3468 8 3471 ¹
52 3389 155 3453 lucris.
213 3391 416 3468 Crederem,
437 3392 557 3477 inquit,
581 3413 633 3454 me
655 3411 784 3476 quoque
806 3412 825 3453 a
846 3390 980 3472 prandio
1002 3401 1033 3453 te
1056 3405 1195 3451 avocare
1219 3381 1381 3457 voluisse,
1448 3384 1454 3387 “

52 3483 80 3545 ni
101 3497 131 3546 et
152 3484 256 3569 magis
280 3507 295 3548 a
319 3486 471 3550 Licentio
493 3485 637 3549 territum
660 3488 776 3551 dudum
798 3497 963 3569 putarem,
995 3474 1028 3549 ιι
1050 3482 1117 3546 eius
1138 3478 1312 3562 postulatio
1335 3477 1412 3540 ita·
1493 3517 1499 3527 -

52 3578 141 3641 nohis
163 3580 446 3662 praescripsisset,
472 3591 516 3642 ιιι
546 3579 577 3643 ιι
599 3591 670 3645 ante
691 3581 859 3663 prandium
883 3577 1038 3665 quidquid
1058 3574 1152 3639 huius
1173 3571 1382 3651 involutionis

52 3684 145 3749 esset,
164 3673 406 3754 expediretur.
462 3675 506 3738 Et
535 3696 631 3758 quum
654 3673 785 3756 ,reliqua
815 3674 919 3743 dicere
950 3674 1112 3746 tenderet,
1145 3678 1245 3731 mater
1271 3678 1386 3747 nostra

53 3769 133 3843 (nam
156 3767 244 3830 domi
262 3767 325 3831 iam
347 3771 487 3848 eramus)
507 3768 551 3835 ita
572 3790 632 3832 nos
653 3770 781 3840 trudere
802 3768 840 3831 in
857 3767 1025 3852 prandium
1056 3761 1182 3846 coepit,
1220 3771 1255 3853 nt
1285 3762 1384 3823 verba

53 3854 183 3925 leniendi
202 3861 295 3923 locus
317 3883 382 3925 non
404 3875 500 3926 ιιιιι.
998 3890 1003 3897 ’

91 3950 202 4018 VI.
228 3957 280 4018 ll.
304 3955 447 4032 Deinde,
482 3980 580 4062 quum
602 3968 727 4021 tantum
748 3956 970 4031 alimentorum
1003 3953 1252 4038 accepissemus,
1284 3969 1384 4034 quan·

54 4054 115 4109 ιιιιιι
137 4051 389 4155 compescendae
405 4051 484 4115 sami
501 4050 579 4115 satis
595 4063 696 4123 esset,
722 4054 761 4114 ad
775 4063 901 4134 pratum
916 4049 1074 4135 regressis
1094 4049 1205 4112 nobis.
1230 4044 1385 4153 Alypius,

54 4137 206 4217 Paream,
241 4141 363 4226 iuquit,
395 4142 567 4210 sententiae
588 4157 688 4222 tuae,
724 4167 784 4211 nee
806 4147 905 4209 ausim
927 4165 1090 4215 recusare.
1147 4142 1182 4205 Si
1204 4142 1285 4211 enim
1306 4138 1386 4205 nibil
1477 4207 1480 4225 Ι

54 4249 100 4295 me
120 4233 261 4319 fugerit,
288 4240 442 4321 gratabor
465 4261 561 4322 quum
583 4240 747 4305 doetrinae
769 4251 860 4316 tuac,
885 4253 951 4305 tum
972 4239 1068 4305 etiam
1089 4236 1384 4312 1ιιιιιιιοιιιιιιιιιι.

54 4324 144 4402 Atei
165 4329 195 4393 in
215 4353 377 4414 quoquam
392 4333 530 4397 fortasse
553 4335 767 4412 aberravero,
791 4333 957 4406 recurabis
978 4332 1033 4418 id,
1053 4344 1087 4394 ut
1107 4331 1256 4410 deinceps
1274 4326 1384 4390 huius-

53 4421 135 4485 modi
155 4425 387 4509 delegationem
411 4449 475 4500 ιιοιι
498 4428 733 4524 pertimescam.
777 4430 894 4492 Novae
916 4427 1110 4493 Academiae
1132 4423 1295 4493 discidium
1320 4443 1385 4487 non

53 4522 114 4575 tam
144 4529 261 4584 contra
286 4531 427 4584 veterem
462 4515 675 4604 conceptum,
715 4542 809 4606 quam
838 4533 953 4589 centra
983 4520 1113 4587 Stoicos
1142 4518 1286 4595 arbitror
1313 4537 1385 4582 esse

34 4623 255 4702 commotum.
314 4615 385 4676 Nec
412 4637 491 4679 vero
517 4617 681 4696 discidium
700 4627 751 4678 est
777 4619 970 4697 putandum,
1009 4616 1036 4677 si
1063 4613 1189 4698 quidem
1211 4633 1227 4673 a
1251 4612 1403 4699 Zenone*

34 4674 186 4771 illatam
188 4727 306 4775 novam
325 4710 553 4816 quaestionem
568 4710 702 4775 dissolvi
726 4710 901 4792 discutique
924 4711 1107 4791 oportebat.
1154 4708 1234 4768 Nam
1260 4708 1298 4766 de
1321 4724 1385 4767 non
1476 4748 1480 4753 J
1519 4785 1522 4793 Ι
1574 4773 1579 4785 ,

54 4776 282 4878 percipiendo,
321 4802 483 4886 quemvis
493 4803 586 4866 nullis
613 4804 906 4869 conflictationibus
937 4804 1085 4888 agitata,
1108 4800 1252 4863 incolens
1282 4812 1388 4892 tamen

54 4887 142 4951 etiam
168 4904 313 4970 veterum
330 4897 607 4963 Academicorum
635 4911 756 4962 urentes
777 4899 930 4963 sententia
959 4920 1026 4966 non
1052 4898 1251 4978 impudenter
1277 4895 1386 4967 eristi-

57 4997 132 5075 uata
149 4999 210 5051 ιιι.
247 4990 345 5072 Quod
358 4993 452 5058 ettam
467 4994 566 5078 ipsius
582 4994 726 5059 Socratis
741 4994 952 5078 Platonisque
970 5017 1010 5059 ac
1022 4993 1220 5077 reliquorum
1240 4982 1386 5061 veterem
1487 5043 1490 5050 .

1297 5134 1357 5173 κ..ι
