3226 5488
268 404 331 471 ⁸⁰⁸
674 410 820 479 reum
843 408 1124 479 vacuarum

266 553 300 617 ol
319 547 441 640 περι
407 573 467 617 τον
488 544 701 663 Χρύσιππον,
723 546 771 631 sic
792 548 1056 661 καταληπτικὴν,
1078 545 1123 630 ὥς
1139 553 1176 619 δὲ
1197 551 1289 659 κοινῆ
1308 545 1421 632 πιιντις
1440 549 1534 661 culpo

269 669 327 711 ποι
346 639 613 725 πεπιστεύκασιν,
634 641 681 723 τις
694 647 860 727 αἴσθησιν
872 667 906 712 τι
923 649 980 711 και
995 641 1110 727 νόησιν
1121 645 1251 735 ἐναργῆ
1262 625 1306 708 id·
1302 657 1374 709 ιιι.
1397 647 1480 710 Nou
1472 648 1534 733 igitur

33 818 34 823 η
269 751 398 822 praeter
418 739 572 803 rationem
597 739 724 822 quidam
741 737 922 803 existimant
939 738 1096 825 integram
1109 749 1316 821 exactamque
1330 738 1464 802 similium
1475 752 1535 824 atqu

33 828 35 885 l
246 830 468 896 dissimilium
493 832 708 918 cognitionem
741 833 885 897 sufficere
920 836 960 898 ad
989 851 1209 918 qrramcunque
1237 842 1335 893 artem
1368 852 1408 893 ex
1432 834 1536 897 methulu

33 926 34 939 ¹
267 929 454 990 tradendam
478 937 509 989 et
531 927 802 1011 constituendamz
839 926 993 1014 siquidem
1021 928 1101 988 haec
1122 926 1220 988 adea
1242 944 1323 1006 quae
1344 922 1376 985 in
1397 937 1537 989 coutrover-

273 1021 349 1084 siam
372 1018 520 1096 veniunt,
543 1019 710 1086 iudicanda
732 1021 807 1101 satis
828 1022 941 1086 idonea
964 1032 1030 1084 est:
1054 1040 1150 1102 quum
1175 1017 1258 1081 enim
1283 1038 1396 1102 magua
1416 1017 1537 1099 similitude

272 1114 322 1177 sitx
334 1113 560 1196 probabilium,
585 1119 725 1179 sednon
747 1136 894 1178 verarum
916 1115 1077 1177 rationum
1098 1113 1137 1174 ad
1159 1131 1232 1185 eas,
1256 1130 1338 1193 quae
1358 1131 1463 1174 revera
1480 1133 1538 1174 ιιιιι

270 1220 362 1280 sunt,
386 1206 440 1294 qui
461 1208 502 1270 ad
521 1208 579 1270 has
601 1211 640 1270 ab
662 1207 797 1272 invicem
820 1210 1027 1270 secernendas
1049 1204 1194 1288 peritiam
1216 1203 1257 1266 sit
1277 1216 1479 1279 consecutus,
1501 1224 1540 1267 na·

158 1314 165 1336 ¹
273 1302 392 1365 niiestc
413 1300 493 1364 sciet
513 1311 662 1385 maantam
685 1312 836 1384 oporteat
858 1301 993 1366 decretis
1015 1301 1061 1363 uti
1090 1297 1177 1361 veris
1198 1297 1290 1360 fidem
1313 1298 1450 1373 babere,
1478 1318 1541 1382 quu·

272 1405 403 1478 tumque
430 1393 498 1477 ipsa
527 1394 574 1456 uti
601 1394 682 1458 falsa
701 1396 898 1477 reprobare,
936 1405 1150 1479 quantumque
1172 1390 1204 1454 id
1225 1393 1312 1474 quod
1332 1392 1486 1472 probabile
1500 1402 1540 1466 ιιι,

272 1487 426 1551 incertum
449 1509 543 1570 quam
564 1488 720 1551 rationem
742 1485 971 1553 incertitudinis
992 1487 1131 1561 habens,
1155 1484 1285 1551 adeius
1307 1488 1395 1566 quod
1409 1485 1542 1566 estimpe-

273 1581 378 1646 babile
400 1582 632 1646 similitudinem
654 1585 801 1657 accedat3
824 1583 907 1647 sicut
927 1594 960 1646 ιι
976 1582 1008 1645 iu
1029 1581 1079 1656 iis,
1102 1600 1183 1665 quiae
1207 1577 1291 1639 inter
1312 1597 1348 1640 se
1368 1579 1427 1641 sint
1445 1577 1542 1662 aequalia

274 1677 347 1754 (nec
368 1676 433 1738 ulla
454 1675 703 1741 dissimilitudine
721 1677 968 1756 secernantur,)
1002 1695 1059 1738 seu
1082 1672 1164 1736 inter
1184 1673 1250 1735 dato
1271 1691 1327 1732 seu
1351 1670 1432 1734 inter
1449 1672 1497 1733 tria
1512 1681 1543 1732 ιιι

273 1768 357 1833 ιιιιιι·
376 1769 469 1850 plura
494 1770 672 1834 huiusmodi
696 1770 868 1855 aequalitas
892 1766 1126 1852 comperiatur,
1150 1765 1226 1827 nihil
1251 1764 1335 1828 aliud
1359 1765 1413 1828 alii
1432 1767 1467 1829 ιι
1484 1764 1542 1825 fider

247 1861 449 1926 'laciendum
478 1863 653 1944 praeferet.
712 1866 838 1928 Horum
863 1874 965 1926 autern
988 1860 1128 1947 ⁴omniurn
1157 1858 1304 1922 iudicium
1329 1862 1371 1922 ad
1395 1857 1543 1941 phantasias

249 1950 255 1965 '
273 1955 433 2030 refertur,
457 1968 491 2018 ut
512 1957 635 2039 quaidem
658 1957 853 2022 recentiores
875 1953 1057 2021 Academici
1078 1952 1204 2028 dicunt,
1228 1973 1292 2017 nou
1313 1954 1417 2016 solum
1434 1949 1543 2034 probabi·

274 2051 353 2124 lem,
378 2069 489 2111 rerum
522 2061 553 2111 et
576 2048 841 2130 periodeumenen
869 2060 902 2113 et
926 2049 1167 2131 aperispaston,
1202 2057 1237 2108 ut
1268 2067 1349 2110 uero
1377 2045 1543 2126 Chrysippus,

277 2141 647 2223 incomprehensibilem,
670 2153 707 2205 ut
727 2154 828 2206 autem
857 2163 966 2207 omnes
987 2140 1130 2206 homines
1152 2141 1371 2219 consentiunt,
1405 2144 1442 2203 ad
1461 2157 1544 2204 senem

278 2246 311 2297 et
330 2235 569 2318 intelligentiam
587 2237 775 2300 evidentem.
819 2235 940 2300 Adiicit
968 2246 999 2299 et
1023 2234 1084 2297 alia
1113 2236 1152 2298 de
1172 2235 1325 2313 criterio,
1361 2236 1444 2299 lectu
1461 2232 1546 2318 quiden

276 2327 369 2412 digna
396 2328 522 2391 omnia:
546 2331 603 2393 sed
629 2331 710 2393 haec
732 2333 771 2392 ad
792 2328 993 2394 Academiam
1015 2327 1229 2411 pertinebant.

360 2421 529 2505 Reliquum
552 2433 601 2486 est
622 2426 660 2486 de
682 2425 817 2505 Epocbe
838 2424 979 2511 dicere„
1000 2423 1089 2506 quod
1109 2443 1206 2485 unum
1233 2442 1274 2485 ex
1298 2421 1473 2506 praecipuis
1492 2419 1546 2483 Aca·

277 2512 396 2577 demine
416 2515 589 2595 capitibus,
614 2530 701 2581 certe
722 2517 857 2581 maxime
878 2520 1074 2580 decantatum
1091 2525 1186 2599 atque
1207 2517 1356 2579 secteris
1378 2514 1545 2598 philosophe

275 2630 345 2672 rum
369 2610 537 2693 generibus
557 2613 652 2675 valde
682 2612 875 2697 exagitatum
898 2621 957 2673 est.
1013 2603 1154 2672 Primuin
1185 2607 1309 2716 quidem
1336 2610 1364 2673 si
1390 2609 1545 2676 Carneades

279 2713 315 2766 ut
337 2703 430 2785 aliqui
450 2676 666 2801 tradiderpnt,
691 2708 855 2812 epochen,
877 2725 969 2789 quam
990 2704 1031 2765 ab
1051 2703 1190 2773 omnium
1206 2724 1267 2766 uua
1288 2703 1321 2767 in
1339 2702 1433 2769 illam
1444 2700 1547 2766 conim-

279 2807 385 2860 torum
408 2774 714 2880 pbilosophorum
704 2820 834 2863 ιιιιιιιιι
857 2798 940 2862 tueri
972 2818 1036 2861 non
1063 2796 1254 2873 sustineret,
1283 2797 1402 2882 ignave
1426 2790 1548 2875 dereliqui

275 2902 309 2954 et
330 2891 474 2954 subverti
495 2903 543 2955 est
563 2913 694 2975 passus,
729 2892 882 2959 indecore
910 2891 1021 2966 nimis,
1056 2900 1128 2954 nee
1144 2912 1207 2973 pro
1236 2891 1428 2957 Academiae
1458 2887 1546 2966 antiqu

278 2983 431 3067 dignitate
453 2996 484 3047 ιι
505 2986 699 3053 fortitudinis
721 2986 826 3072 gloria
853 2985 968 3049 fecisse
988 2984 1088 3050 luerit
1108 2983 1318 3060 dicendus,
1310 3005 1381 3066 apsa
1402 2976 1547 3049 Academiae

278 3098 351 3139 arce
374 3079 519 3143 hostibus
547 3081 675 3144 tradita.
730 3074 828 3145 Certe
853 3089 955 3142 tamen
987 3077 1181 3144 Clitomachi
1206 3076 1378 3159 discipulus
1403 3075 1489 3141 Philo
1509 3073 1548 3133 ht·

167 3199 171 3205 ·
278 3171 437 3234 rissaeus¹
459 3194 496 3235 ac
517 3171 689 3239 Carneadis
714 3172 812 3257 ipsius
841 3172 930 3258 quasi
955 3192 1056 3254 nepos
1067 3215 1078 3251 ‚
1102 3183 1134 3234 et
1155 3172 1368 3237 Metrodorus
1398 3166 1547 3236 carnutes

215 3306 218 3310 ι
278 3267 435 3347 probasse
460 3268 625 3344 dixerunt,
649 3266 695 3331 uti
714 3267 826 3332 liceret
847 3265 970 3350 opinari
993 3262 1144 3346 sapienti,
1167 3263 1201 3327 id
1225 3274 1275 3327 est
1294 3263 1324 3327 ιι
1346 3264 1433 3346 quod
1453 3260 1548 3343 prober

277 3370 327 3422 set
352 3360 495 3424 assentiri
523 3361 597 3425 licet
620 3382 685 3426 non
706 3371 872 3445 percepto.
923 3359 1103 3426 Eusebius’
1128 3355 1310 3421 dissensisse
1335 3356 1512 3422 Carneaden
1525 3347 1548 3411 ιι

279 3453 424 3515 Arcesila
439 3456 476 3517 de
492 3456 630 3537 epoche,
653 3454 785 3531 scribit,
810 3477 848 3518 ae
864 3453 1041 3540 significare
1057 3451 1182 3558 quidem
1197 3451 1323 3514 videtur
1345 3430 1429 3513 illam
1449 3447 1548 3513 Carutt·

280 3545 326 3609 dis
348 3547 444 3610 luisse
462 3548 664 3626 sententiam,
694 3560 729 3612 ut
750 3549 886 3622 diceret,
920 3568 984 3611 non
1006 3567 1076 3611 esse
1097 3545 1142 3617 in
1156 3544 1303 3608 omnibus
1331 3563 1483 3611 assensum
1499 3532 1549 3600 reti·

279 3642 432 3717 nendum,
456 3643 563 3705 sedin
585 3642 726 3707 incertis.
782 3644 858 3707 Hoc
880 3653 983 3706 autem
1006 3661 1047 3704 er
1072 3637 1218 3704 Philonis
1239 3638 1380 3702 sortasse
1403 3631 1548 3700 arroteritae

267 3687 437 3797 ‘Eusebiui
465 3736 590 3800 retulit.
629 3737 743 3801 mirum
766 3738 847 3800 euim
873 3734 934 3800 nisi
955 3737 1033 3799 haec
1063 3740 1111 3797 est
1142 3731 1289 3797 Philonis
1320 3729 1547 3809 sententiaque

268 3823 347 3906 'ipse
370 3825 527 3891 Carneadi
548 3830 726 3914 affingeret.
770 3829 902 3895 Eusebii
922 3831 1021 3893 verba
1042 3837 1138 3890 sunta
1181 3820 1285 3916 Μάνην
1314 3826 1400 3893 δι
1384 3847 1417 3891 ιν
1442 3846 1481 3911 τῳ
1501 3815 1546 3900 sul

278 3920 336 3998 τῆς
357 3921 474 4008 ἐποχῆς
488 3917 583 4031 λόγῳ
606 3920 689 4014 πρὸς
711 3918 812 3989 αὐτὸν
831 3925 961 4005 διέστη,
997 3918 1097 4037 φὰς
1094 3892 1308 3987 ἀδύνατον
1277 3942 1378 4000 ιιναι,
1409 3893 1547 4015 hulpiae

202 4066 204 4073 .
278 4034 359 4078 οντα
383 4021 456 4173 napi
478 4010 637 4083 ἁπάντων
630 4019 782 4112 ἐπέχειν,
799 4011 1034 4127 deamopciud’
1066 4005 1150 4081 εἶναι
1177 4008 1302 4094 ἄδηλον
1322 4018 1380 4079 καὶ
1401 3996 1547 4080 &autuill-

155 4166 158 4175 ι
278 4126 360 4186 τοι,
382 4113 437 4173 και
460 4104 569 4185 πάντα
599 4117 659 4196 μιν
682 4114 766 4177 εἰναι
790 4104 1026 4189 ἀκατάληπτα,
1048 4104 1087 4175 οι
1112 4101 1273 4183 πάνταδ
1306 4101 1434 4186 ἄδηλα·
1453 4101 1482 4165 ιι
1502 4103 1545 4157 ιιι·

278 4199 330 4266 De
354 4201 422 4264 sula
440 4204 561 4284 epoche
576 4206 616 4266 ab
640 4203 698 4268 illo
717 4202 858 4268 dissentit
879 4203 1074 4286 (Carneades
1099 4203 1139 4266 ab
1162 4192 1340 4279 Arcesila);
1362 4197 1483 4261 dicebat
1494 4184 1546 4251 ιιίῐι

278 4291 473 4376 impossibile
486 4318 560 4360 esse
580 4296 609 4360 ei
634 4297 689 4382 qui
709 4299 807 4372 horno
828 4296 891 4373 sit,
914 4296 945 4361 in
968 4296 1112 4362 omuibus
1137 4297 1234 4360 rebus
1250 4312 1410 4357 assensum
1427 4284 1545 4350 retinen

280 4387 407 4451 differre
430 4402 531 4453 autem
556 4392 710 4455 incerhrm
732 4402 764 4455 et
784 4341 1102 4499 incomprehensibile
1123 4402 1156 4453 et
1180 4386 1285 4454 omnia
1309 4385 1431 4470 quidem
1448 4395 1504 4443 esse
1517 4369 1545 4433 ιι
1570 4458 1573 4469 1

237 4510 242 4517 ·
279 4484 595 4565 comprehensibilia,
619 4488 762 4550 sednon
784 4483 1038 4550 omuiaiucerta.
1094 4504 1098 4509 ·

363 4578 487 4639 Verum
507 4598 569 4663 ego
592 4578 717 4662 quidem
735 4598 805 4641 cum
824 4572 1005 4643 Cicerone³
1029 4575 1232 4641 Clitomacho
1251 4575 1334 4657 plus
1345 4591 1434 4657 quam
1454 4546 1545 4630 Phll⁰l¹

279 4680 333 4739 aut
355 4670 552 4734 Metrodoro
580 4674 734 4748 credens,
770 4673 834 4735 hoe
861 4671 962 4757 magis
990 4671 1029 4734 ah
1057 4670 1115 4734 illo
1141 4668 1331 4751 disputatum
1353 4684 1441 4751 quam
1461 4652 1545 4740 pr⁰l²'

276 4787 1544 4835 Μ

277 4890 415 5017 eunome
418 4891 478 5020 ὓῖιῗ·
504 4894 535 4944 in
557 4888 684 4949 Lucullo.
733 4888 771 4963 (ι)
801 4888 843 4970 De
862 4904 987 4966 praepar
1006 4889 1092 4953 hill·
1112 4888 1144 4945 C.
1165 4893 1191 4948 7.
1211 4907 1240 4963 p.
1261 4888 1324 4952 756
1342 4887 1377 4941 1)
1426 4880 1481 4949 ps
1474 4868 1542 4930 ,ιιι
