3226 5488
515 398 851 509 ¹‘a‘cannn'uca
1061 408 1065 421 '
1192 502 1194 505 ,
1253 434 1255 443 ’
1330 441 1394 512 ιιι

63 583 149 651 enim
162 604 369 669 quaecunque
380 583 412 648 in
426 584 567 666 sapiente
573 583 655 662 sint,
666 570 757 649 bona
768 606 857 661 esse,
873 583 904 648 in
916 586 1016 651 stulto
1024 631 1033 663 ,
1049 573 1084 650 id
1105 597 1171 663 est,
1192 586 1317 672 vulgari
1330 587 1393 667 ho-

47 681 185 743 ,minum
203 676 406 753 conditione,
430 677 507 741 nihil
519 681 657 755 bonum
674 679 807 743 meliora
820 676 920 742 media
935 702 1004 744 esse
1019 683 1212 744 statuebant
1257 683 1394 746 Undeet
1478 716 1481 731 ·

64 774 172 839 officia
194 774 394 865 quantumvis
416 785 525 850 recta,
560 773 592 836 in
618 773 760 856 sapiente
787 775 860 838 solo
888 776 1031 883 perlecta
1057 787 1089 838 et
1110 777 1196 840 bona
1218 787 1250 838 et
1271 800 1393 867 κατορ-

61 864 233 955 θώματα,
254 867 286 930 id
307 878 372 943 est,
390 879 483 930 recte
504 867 606 943 facta,
631 866 663 930 in
684 867 852 949 insipiente
873 889 937 932 non
959 868 1018 931 nisi
1040 869 1141 931 media
1157 880 1188 932 et
1201 869 1390 952 imperfecta

64 963 175 1028 officia
192 962 345 1044 appellari
368 963 531 1026 volebant.
578 963 642 1024 Sed
663 963 701 1023 de
723 960 772 1022 liis
795 960 874 1024 alius
896 962 958 1026 erit
979 961 1104 1026 diceildi
1125 965 1230 1028 locus.

152 1059 282 1139 Quibus·
298 1062 411 1119 'etitem
437 1056 527 1140 quasi
553 1055 705 1138 gradibus
727 1057 766 1117 ad
787 1057 850 1119 hoc
868 1078 1023 1119 summum
1047 1058 1164 1120 bonum
1188 1057 1390 1141 deveniatur,

3 1212 5 1221 ι
64 1166 99 1218 et
122 1176 163 1217 ex
183 1152 221 1214 iis
245 1172 324 1235 quae
348 1149 430 1212 dicta
452 1161 526 1215 sunt
546 1149 606 1210 iem
629 1149 790 1225 elucescit,
815 1152 841 1213 si
863 1151 989 1234 quidem
1013 1150 1165 1214 memoria
1186 1163 1293 1227 tenes,
1318 1152 1392 1238 quid

5 1300 8 1307 .
61 1248 153 1325 visa,
178 1246 254 1330 quid
278 1244 425 1321 notitiae,
451 1243 527 1326 qnid
540 1243 716 1325 ,prolepses
739 1243 818 1319 siut,
844 1244 918 1329 quid
941 1245 1094 1308 memoria
1112 1256 1206 1328 atque
1224 1268 1299 1308 usus
1322 1245 1419 1325 sive„

62 1365 135 1416 ars,
171 1362 231 1426 qna
258 1338 382 1402 ratione
415 1359 522 1413 mens,
558 1336 745 1400 dialecticae
778 1337 871 1400 etiam
894 1341 1007 1413 ductu,
1044 1360 1085 1401 ex
1103 1337 1229 1408 notitiis
1252 1339 1391 1403 rationes
1448 1359 1450 1363 ·

8 1460 22 1479 ·
61 1435 214 1500 conficiat
233 1436 426 1515 decretaque
455 1443 573 1494 statuat
601 1443 633 1493 et
662 1432 779 1494 firmet.
839 1432 929 1512 Quae
957 1430 1062 1495 omnia
1083 1431 1178 1495 etiam
1199 1433 1295 1496 stulto
1318 1444 1391 1496 ante
1485 1514 1489 1523 Ι

62 1525 249 1610 sapientiam
271 1525 477 1609 contingunt,
499 1546 570 1588 nec
592 1527 640 1619 (ut
662 1527 757 1588 modo
781 1522 976 1604 dicebamus)
999 1523 1200 1610 quaiitumvis
1222 1525 1388 1613 speqiosa,

60 1622 113 1685 illi
134 1623 298 1703 plusquam
323 1618 423 1683 media
441 1631 532 1694 sunt,
557 1640 658 1725 neque
680 1630 817 1700 propter
839 1640 875 1681 ea
891 1619 1009 1703 aliquid
1024 1631 1073 1683 est
1088 1631 1297 1695 consecutus
1323 1640 1388 1704 quo

62 1715 187 1777 minias
200 1715 314 1776 stultns
336 1714 430 1794 plane
463 1726 494 1776 et
526 1711 718 1777 miserrimus
738 1713 913 1787 habeatur,
953 1712 1011 1775 nisi
1033 1712 1178 1797 quod''11s
1202 1713 1390 1776 stationibus

60 1808 176 1872 ultimo
199 1809 321 1869 tandem
345 1809 462 1887 pedatu
490 1798 651 1869 scientiam
673 1816 776 1879 tenet,
811 1817 1011 1891 repenteque
1033 1829 1073 1869 ex
1099 1804 1265 1888 insipiente
1288 1817 1320 1867 et
1341 1805 1390 1875 in-

60 1901 267 1976 felicissimo,
291 1900 404 1982 cuique
426 1900 544 1962 nullum
567 1901 681 1962 malum
704 1899 806 1974 absit,
829 1900 953 1982 sapiens
977 1900 1236 1983 beatissimusque
1261 1898 1386 1962 evadit:
1407 1936 1409 1942 ·
1468 1908 1472 1915 ‘

60 1997 144 2063 νοῦν
175 1996 297 2066 τέλειον
329 1993 385 2074 (ait
416 1990 692 2073 ΡΙιιιιιιοΙιιιε1)’
677 1990 784 2102 α’κραν
820 1987 998 2111 φρόνησιν,
1032 1990 1172 2061 ἰσόθεον
1207 1987 1390 2071 διαθεσιν,

60 2084 285 2169 ἀδόξαστον
270 2083 383 2168 επιστή
373 2112 428 2195 ημη
430 2105 472 2166 ν,
494 2091 549 2152 καὶ
582 2081 814 2172 ἀμετάπτωτον
840 2088 946 2169 ε’ξιν
931 2085 1091 2198 εοχηκίις,
1124 2084 1199 2154 οὐδὲ
1185 2095 1219 2154 ὲν
1237 2082 1391 2167 ἐνδούσης

59 2180 226 2294 πρότερον
246 2177 340 2265 αὐτῷ
357 2182 414 2261 τῆς
438 2160 642 2271 μοχθηρίας·
666 2177 771 2248 αλλ
756 2181 926 2272 ιξαίιμνης,
950 2177 1063 2267 ὀλίγου
1086 2178 1195 2248 δέω
1165 2188 1283 2260 ειιτεῖν,
1304 2172 1391 2269 ilpunc
1472 2191 1475 2197 '

59 2302 116 2354 τις
141 2303 159 2356 η
185 2271 352 2361 δαίμων
330 2302 344 2340 ι
373 2271 495 2352 θεὸς
479 2300 513 2340 εκ
533 2279 660 2365 θηρίου
683 2277 741 2342 τοῦ
758 2278 916 2342 κακίστου
940 2271 1120 2382 γενόμενος·
1146 2277 1181 2340 ἐκ
1203 2276 1260 2356 τῆς
1282 2274 1390 2351 στοᾶς

59 2368 140 2479 γὰρ
154 2366 302 2455 λαβόντα
325 2367 386 2450 τὴν
413 2366 552 2460 ἀρετὴν,
578 2368 669 2443 ἔστιν
688 2365 803 2434 εἰπεῖν·
835 2356 991 2448 Εὖξαι
965 2372 1027 2434 είτι
1047 2362 1177 2475 βούλει,
1197 2363 1306 2435 πάντα
1333 2391 1388 2435 σοι
1420 2408 1423 2427 1

59 2459 252 2551 ysclanum,
283 2463 317 2527 id
349 2477 415 2528 est.
452 2477 586 2528 mentem
616 2460 811 2568 perfectam,
850 2485 1000 2525 summam
1023 2462 1228 2546 sapientiam,
1264 2462 1390 2526 divinae
1463 2512 1465 2517 .

46 2578 175 2640 ‚parem
196 2558 428 2634 conditionem,
453 2559 615 2623 scientiam
630 2559 669 2619 ab
691 2556 842 2639 opinione
865 2557 950 2621 omni
972 2557 1121 2633 liberam,
1146 2557 1387 2620 immutabilem·

61 2672 127 2736 que
148 2652 288 2714 babitu'm
318 2658 527 2721 consecutust
555 2673 652 2736 quum
675 2662 778 2713 tamen
801 2659 892 2713 autea
915 2650 992 2712 nibil
1015 2650 1044 2728 ei
1067 2673 1107 2712 ex
1129 2650 1269 2735 nequitia
1291 2653 1387 2712 dece-

61 2748 176 2808 deret:
201 2747 258 2808 sed
279 2758 408 2828 repente
431 2748 557 2827 (parum
579 2756 627 2808 est
650 2745 724 2829 q'uin
747 2744 852 2806 dicere
876 2743 988 2823 ausim)
1010 2743 1042 2806 in
1056 2745 1190 2807 heroe'm
1206 2743 1385 2828 quempiam
1427 2738 1449 2779 ⁴·
1486 2764 1488 2771 ¹

61 2850 119 2901 atat
148 2842 347 2903 daemonem
366 2850 419 2901 aut
440 2840 546 2902 Deum
567 2850 714 2902 mutatur.
772 2837 836 2917 Qui
859 2838 939 2901 enim
963 2838 1113 2900 virtutem
1136 2859 1177 2900 ex
1200 2839 1277 2900 Stoa
1300 2859 1387 2900 sitm·

59 2945 150 3018 ptam
172 2936 304 3006 habeat,
340 2933 422 2995 dicat
443 2934 548 2995 statim
571 2933 665 2995 licet:
696 2931 781 3012 Opta
803 2931 908 3016 siquid
929 2931 998 3007 vis,
1023 2932 1127 2995 omnia
1149 2930 1208 2994 tibi
1230 2932 1383 3015 aderunt,

61 3038 130 3090 cet.
183 3026 262 3090 lllos
285 3030 403 3110 gradus
425 3027 512 3089 idem
531 3026 746 3090 Plutarchus²
777 3024 838 3087 alio
861 3025 891 3086 in
914 3025 989 3088 loco
1011 3024 1126 3089 indicat
1148 3035 1277 3106 aperte,
1315 3026 1389 3085 dum

62 3121 246 3184 Stoicorum
269 3119 508 3183 inconstantiam
532 3128 678 3181 accinat:
705 3139 786 3201 quos
809 3117 852 3180 ita
874 3118 934 3181 salu
949 3140 1013 3183 non
1028 3130 1175 3182 constare
1192 3139 1294 3202 neque
1309 3115 1393 3202 quid<
1436 3170 1439 3181 .
1472 3178 1475 3191 ,

60 3215 168 3277 dicant
190 3213 442 3276 animadvertere
465 3214 525 3288 ait,
560 3205 640 3278 ὥστε
662 3208 723 3288 τὰς
744 3213 869 3289 ιννοίας
890 3236 1106 3322 αμοκειμενας
1129 3236 1218 3288 τινας
1240 3208 1390 3300 οριζόμε-

58 3333 116 3376 νοι
136 3332 184 3394 νοι
184 3331 284 3389 ηοεις,
311 3303 453 3417 μνήμας
474 3309 509 3373 δὲ
529 3307 716 3415 μονίμους
709 3311 765 3370 καὶ
790 3329 944 3392 σχετικας
967 3302 1143 3386 τυπώσεις,
1173 3303 1232 3384 τὰς
1258 3306 1334 3370 δὲ’
1319 3328 1388 3369 aaa·

60 3396 201 3496 οτήμας
213 3407 268 3466 καὶ
286 3397 478 3511 παντάπασι
498 3424 674 3485 ιιηγνυντες
696 3394 739 3477 ὡς
760 3396 799 3465 τὸ
815 3396 1047 3485 ἀμετάπτωτον
1062 3405 1117 3465 καὶ
1137 3402 1313 3484 βέβαιον
1297 3395 1388 3486 ιχοιί-
1426 3457 1429 3465 .

59 3519 148 3573 σας,
170 3520 241 3561 ειτα
263 3491 392 3574 τούτοις
406 3491 640 3562 ὑποτίθεσθαι
661 3489 761 3579 βάσιν
781 3518 837 3558 και
862 3497 965 3589 ἕδραν
986 3517 1141 3570 ουσιαςο
1124 3488 1313 3581 ὀλισθηροῖς
1333 3496 1389 3558 καὶ
1437 3528 1439 3535 ι

57 3590 244 3670 σκεδαστῆς
272 3614 327 3654 και
357 3593 539 3679 φερομένης
569 3583 619 3654 αεὶ
640 3613 697 3652 και
721 3582 881 3681 ῥεούσης,
916 3588 948 3650 id
978 3600 1047 3651 est:
1085 3599 1119 3651 ut
1141 3610 1235 3673 quum
1258 3586 1388 3651 notitias
1463 3617 1467 3627 ι

57 3684 221 3764 repositas
243 3686 393 3767 quasdam
417 3684 528 3746 mentis
551 3680 777 3763 conceptiones
800 3704 869 3745 esse
892 3683 1058 3758 definiant,
1094 3685 1261 3746 memorias
1284 3695 1388 3751 autem
1473 3680 1480 3691 “

59 3789 243 3844 constantes
267 3789 298 3839 et
318 3777 459 3839 habitum
476 3776 631 3858 adeptae
623 3775 866 3856 iatiprcssiones.
891 3799 925 3838 st
926 3776 1037 3839 sentias
1056 3798 1135 3840 vero
1151 3777 1242 3841 etiam
1258 3777 1387 3840 cannino

61 3882 186 3957 cogant
209 3881 241 3933 et
263 3870 353 3953 quasi
372 3871 562 3954 coagulent,
588 3881 621 3931 ut
644 3891 725 3952 quae
746 3869 957 3933 immutabiles
980 3892 1019 3931 ac
1039 3871 1150 3933 firmae
1172 3872 1252 3947 sint,
1275 3872 1388 3934 sunda·

60 3975 202 4027 mentum
226 3964 336 4027 deinde
359 3967 527 4047 sedemque
549 3963 616 4029 istis
640 3986 682 4026 ex
703 3964 826 4045 lubrica
849 3976 879 4026 et
902 3987 964 4027 uon
988 3963 1111 4039 stabili,
1137 3967 1192 4026 sed
1214 3962 1389 4046 dissipabili
1432 4021 1435 4027 ,

45 4076 253 4140 ⁴semperque
275 4059 390 4121 fluente
414 4068 524 4120 natura
548 4061 762 4120 substernant.
809 4057 956 4133 Animum
982 4058 1128 4121 videlieet
1151 4081 1192 4121 ex
1209 4060 1295 4121 truisi
1310 4079 1388 4120 aura
1463 4048 1465 4053 ’

60 4162 279 4232 compactum.
323 4155 441 4237 Longa
472 4154 602 4214 dehac
631 4173 665 4215 re
687 4152 827 4214 Laicullo
848 4148 986 4213 habetur
1008 4151 1112 4215 oratio
1136 4155 1175 4214 ab
1197 4152 1259 4215 illis
1282 4150 1388 4214 statim
1415 4202 1420 4211 ,

58 4245 192 4321 verbis,
232 4247 430 4319 „Ordiamur
452 4247 552 4331 igitur
581 4269 597 4308 a
627 4245 798 4308 sensibus”
833 4259 917 4321 cet,
949 4268 1041 4327 qiiam
1078 4245 1388 4327 apud.Ciccronem
1442 4286 1456 4299 s

57 4339 165 4420 legas.
224 4341 294 4403 Nos
328 4341 486 4425 integrum
516 4339 632 4405 librum
664 4341 848 4402 exscribere
876 4340 1035 4415 nolumus.
1091 4341 1167 4403 Duo
1190 4352 1294 4402 tamen
1316 4339 1388 4402 loca

58 4450 226 4513 apponere
248 4435 461 4496 necessarium
484 4432 710 4496 existimamus.
755 4434 870 4495 Altero
893 4444 958 4494 tota
983 4433 1083 4496 Stoici
1105 4431 1226 4496 criterii
1241 4431 1325 4494 ratio
1348 4450 1389 4494 ex
1479 4477 1486 4483 .

56 4524 218 4590 Antiochi
239 4527 303 4588 tide
324 4549 341 4589 a
363 4529 515 4618 Varrone
539 4527 746 4601 describitur,
767 4528 868 4590 altero
892 4526 1062 4589 Zenonis
1055 4547 1192 4610 imago,
1200 4547 1260 4611 qua
1283 4525 1388 4587 omnia

55 4621 141 4681 haec
161 4633 403 4699 repraesentare
418 4621 484 4703 ipse
507 4622 648 4695 solebat,
674 4619 841 4699 Ciceronis
860 4620 967 4699 verbis
983 4621 1176 4705 depingitur.
1199 4619 1305 4725 ,Visis
1327 4618 1389 4697 (in-

55 4714 131 4798 quit
154 4715 300 4831 Varro3)
324 4737 387 4779 non
409 4715 555 4792 erunibus
589 4716 780 4799 adiungebat
812 4715 909 4780 fidem
942 4716 1082 4793 (Zeno),
1113 4714 1210 4777 sed
1202 4713 1246 4794 iis
1263 4713 1398 4807 solum,

60 4854 274 4869 *δι-η*

136 4924 278 4996 (¹)Quod
299 4919 385 4979 Stolc.
414 4929 518 4998 poetis
530 4930 619 5019 magis
649 4930 792 5079 inopinata
818 4925 925 4979 dicunt
951 4944 985 4998 p
1002 4928 1083 4985 (058
1131 4921 1169 4996 (²)
1191 4927 1229 4982 oe
1249 4941 1389 4979 commun.

53 5004 146 5055 ιιοιίι
166 4999 226 5057 adv.
246 5002 335 5058 stote.
355 5019 383 5075 p.
403 5006 485 5062 1085
497 4996 638 5057 A.‘etB.
672 5000 697 5075 (1
729 4996 1279 5059 emendandamVarr.l.t.C.12.

100 5170 106 5201 l
