3288 5490
137 411 157 474 s
481 380 1126 485 6666666666666666666

152 550 218 617 VI.
243 552 474 617 Lambiniana
497 553 592 617 1566.
617 552 695 634 (L.)
738 556 797 618 Do
818 550 1023 615 varietatem
1044 552 1231 636 integram.

136 645 220 710 VII.
243 648 456 711 Grateriana
483 647 578 711 1692.
610 646 726 735 117111.
749 645 955 712 Davisiana.
989 648 1235 732 cantabrigiae
1265 649 1361 713 1736.
1391 651 1476 736 (D.)
1509 700 1513 705 -

97 756 127 803 ,’
222 742 423 826 ¹Integram
444 743 489 805 clo
510 742 702 806 lectionem.
1177 756 1181 767 ’

156 835 221 899 IX.
245 839 303 916 M.
331 840 374 901 Τ.
408 835 584 902 Ciceronis
612 832 822 900 Academica
841 857 897 898 ,666
925 834 1010 899 Cod.
1040 838 1132 900 Mss.
1162 837 1405 913 Bessarionis,
1443 852 1479 904 et
1530 832 1537 843 ¹

243 930 431 1005 Recanati,
454 943 737 1014 caeterorumque
752 933 868 1011 Mss.,
901 950 988 1014 qnos
1005 930 1090 993 vilit
1112 934 1314 1009 Lambinus,
1340 937 1479 998 Tarne-

167 1072 171 1087 .
243 1025 325 1101 bas,
355 1024 559 1100 Manutius,
594 1027 788 1099 Gruterus,
812 1024 947 1097 etalii,
971 1025 1019 1086 ad
1037 1047 1156 1087 veram
1175 1026 1353 1091 lectionem
1373 1031 1477 1093 resti·

193 1188 195 1192 ,
225 1131 339 1196 .tnta,
364 1118 611 1203 Argumentis,
634 1130 669 1182 et
694 1115 802 1184 Notis
832 1117 972 1205 Cpiticis
995 1117 1177 1187 illustrata
1206 1123 1251 1184 ab
1273 1126 1324 1188 Io.
1350 1127 1476 1188 Franc.

230 1214 396 1279 'Conrad
430 1216 484 1277 De
500 1213 609 1277 Atlio.
642 1215 729 1277 Cum
748 1205 930 1275 comnient.
951 1213 1106 1275 omnium
1121 1214 1279 1279 Ciceron.
1297 1221 1476 1301 Interpre-

244 1310 336 1385 mm.
364 1311 498 1389 Contra
515 1308 676 1383 vitiosas,
701 1318 785 1391 quot
807 1318 889 1369 sunt
898 1304 1078 1397 fuerant,
1103 1309 1282 1374 editiones.
1320 1313 1477 1378 Venetiis
1517 1350 1533 1379 s

245 1401 384 1469 Fentins
402 1403 508 1466 cadit.
532 1402 631 1485 (Sine
649 1422 754 1465 anna.
775 1403 866 1465 Erat
886 1402 1001 1483 1713.)
1022 1404 1199 1471 Permissa
1228 1407 1471 1488 superiorum.

247 1498 279 1560 8.
302 1530 344 1543 —-
366 1498 471 1561 Liber
492 1497 716 1573 rarissimas,
741 1495 803 1558 sed
820 1507 854 1559 et
873 1497 1049 1572 misellas,
1074 1510 1107 1560 et
1117 1495 1393 1588 frandzdentns.

177 1580 233 1657 XJ
248 1591 536 1655 Lallemandiana
557 1589 683 1672 (Latt.)
725 1591 791 1653 XI.
814 1591 1033 1677 Ernestiana¹
1051 1591 1155 1671 (lirn.
1174 1594 1219 1666 l.,
1245 1596 1299 1655 vel
1310 1596 1476 1678 simplici·

246 1697 320 1753 ier:
338 1688 391 1767 1.)
410 1686 495 1750 XII.
512 1686 755 1751 Goerenziana
765 1684 845 1766 (G.)
867 1684 969 1748 XIII.
986 1685 1330 1767 Schuetziana'(Scb.
1355 1690 1400 1766 2„
1424 1692 1478 1753 vel

247 1781 470 1865 simpliciter:
492 1782 543 1862 2.)
553 1786 690 1846 Horam
705 1779 813 1842 triam
833 1779 1008 1862 integram
1025 1780 1186 1862 excerpsi
1202 1781 1399 1859 lectionem,
1423 1785 1477 1847 ita
1523 1795 1526 1798 ’
1627 1792 1631 1800 “

178 1880 184 1885 ’
247 1888 303 1952 at,
327 1877 386 1939 nbi
406 1876 498 1939 nihil
515 1865 673 1953 notatam
687 1885 757 1950 est,
785 1874 998 1947 Victoriam,
1023 1875 1248 1950 Lambinnm,
1273 1876 1472 1954 Daoisiam,

247 1972 336 2039 Ern.
359 1974 465 2035 Goer.
484 1972 562 2040 Sch.
578 1981 736 2033 nostram
749 1968 929 2030 lectionem
943 1967 1107 2030 exhibere
1121 1980 1216 2031 certo
1231 1969 1345 2033 scias:
1366 1971 1477 2034 idem·

156 2094 159 2101 ·
247 2087 312 2148 qne
339 2064 465 2128 vaiebit
493 2065 530 2128 in
561 2062 684 2126 ceteris
702 2061 815 2125 »libris
843 2061 1105 2144 philosophicis.
1157 2065 1315 2128 Multam
1333 2063 1478 2156 profeci

223 2169 323 2246 ¹tntu
355 2182 372 2222 e
401 2160 514 2223 tribus
536 2155 853 2244 praestantissimis
880 2156 983 2235 Edu„
1007 2156 1234 2232 Victoriana,
1260 2161 1477 2223 Manatiana

248 2263 282 2314 et
304 2253 555 2327 Lambiniana,
579 2273 603 2315 a
622 2251 818 2316 Goerenzio
839 2251 876 2312 in
896 2252 961 2313 hoc
983 2262 1073 2313 certe
1096 2251 1185 2314 libro
1206 2272 1277 2315 non
1298 2253 1475 2336 inspectis,

149 2342 156 2363 ⁸
236 2357 363 2431 tame
384 2347 561 2431 Madvigii
580 2344 890 2412 Emendationibas
919 2343 956 2407 in
978 2344 1050 2409 Cic.
1081 2346 1188 2408 libros
1216 2345 1477 2430 philosophicos

248 2440 419 2505 Hanniae.
443 2441 539 2507 1816.
562 2440 726 2516 Bentleii,
751 2438 903 2514 Davisii,
933 2439 1089 2504 Waiberi
1103 2440 1317 2522 suspiciones
1337 2442 1392 2503 bic
1406 2463 1478 2505 non

173 2564 175 2573 ¹
239 2546 484 2617 memoratas,
508 2546 542 2600 et
562 2533 811 2599 Huelsemanni
825 2544 970 2597 conatus
984 2533 1115 2618 aliquot
1130 2528 1269 2597 reservo
1284 2538 1478 2621 Appendici

232 2627 402 2694 criticae.
453 2623 570 2712 Aegr'e
599 2650 702 2691 careo
730 2628 925 2702 Dnrando;
959 2628 1200 2694 Castilloniam
1227 2632 1396 2698 consalai.
1434 2649 1499 2673 -‘
1585 2664 1589 2669 ·

182 2716 185 2721 ’
250 2723 295 2797 Id
311 2745 444 2809 qaoque
461 2725 571 2807 probe
593 2725 777 2787 tenendum
797 2736 867 2798 est,
891 2723 1053 2788 lectiones
1075 2722 1280 2802 Goerenzii,
1305 2725 1476 2789 aliorum·
1538 2757 1542 2761 ·
1642 2804 1643 2811 ἵ

192 2838 197 2851 ·
250 2841 333 2907 qpe,
358 2820 483 2904 quibus
504 2821 722 2884 coniecturae
741 2830 828 2893 nota
849 2817 870 2875 Ε
891 2816 1028 2880 adiecta
1041 2830 1195 2894 nonest,
1219 2838 1371 2882 omnese
1388 2810 1476 2893 ond.

221 2962 224 2969 ,
251 2934 326 2978 esse
346 2913 610 2996 depromptasf
626 2934 776 2998 qnorum
796 2912 935 2997 quidem
956 2913 1186 2976 auctoritates
1209 2911 1306 2996 apud
1326 2912 1479 2979 editores

250 3005 346 3091 ipsos
365 3006 581 3097 quaerendae
602 3019 686 3073 sant
704 3009 833 3072 haram
854 3027 972 3073 rerum
994 3006 1182 3089 studioso.)

146 3407 177 3476 Ῑ.
202 3409 235 3472 1.
252 3354 450 3493 Magnum
478 3409 640 3495 ingenium
668 3411 713 3474 L.
744 3411 876 3475 Luculli
905 3428 1119 3494 magnumque
1148 3405 1340 3490 optimarum
1364 3409 1480 3475 actium

146 3501 303 3579 studium,
333 3513 400 3566 tum
423 3505 526 3569 omnis
541 3504 691 3568 'liberalis
728 3517 760 3568 et
791 3505 887 3590 digna
916 3503 1046 3568 homine
1078 3500 1178 3567 nobili
1200 3505 1241 3566 ab
1264 3525 1304 3568 co
1326 3518 1481 3588 percepta

33 3660 38 3669 ,
146 3596 311 3671 doctrina,
345 3598 462 3682 quibus
492 3599 691 3682 temporibus
720 3600 839 3663 1166666
866 3598 900 3663 in
927 3600 1024 3664 foco1
1053 3597 1189 3663 maxime
1217 3598 1341 3680 potuit,
1378 3599 1482 3663 caniit

148 3690 278 3756 omnino
300 3694 396 3754 rebus
420 3691 563 3756 urbanis.
609 3697 654 3763 Ut
676 3694 758 3763 enim
781 3696 971 3759 admodum2
994 3693 1179 3756 adolescens
1202 3716 1272 3759 curn
1291 3693 1391 3757 fratre
1409 3693 1481 3776 pari

146 3782 264 3866 pietate
287 3796 318 3847 et
339 3785 494 3849 industria
522 3788 670 3870 praedito
692 3799 842 3871 paternas
864 3786 1047 3857 inimicitias,
1073 3807 1283 3871 magnacum
1307 3787 1410 3872 gloria
1433 3800 1482 3850 est

146 3889 354 3961 persecutus,
383 3874 425 3947 'in
447 3881 558 3946 Asiam
581 3894 733 3969 quaestor
754 3883 941 3966 proiectus,
973 3881 1017 3946 ibi
1038 3881 1237 3964 permultcs³
1259 3903 1359 3945 annos
1383 3880 1482 3945 admi·

118 4056 119 4061 ἵ
147 3972 240 4035 rabili
263 3976 399 4058 quadam
426 3975 520 4040 laude
548 3977 735 4060 provinciae
757 3978 914 4061 praefuit3
950 3977 1061 4040 deinde
1085 3977 1197 4039 absens
1218 3975 1324 4039 sactus
1348 3975 1478 4052 aedilis,

147 4069 300 4132 continuo
323 4082 476 4150 praet0c3
514 4071 644 4152 (licebat
666 4074 748 4136 enim
770 4072 903 4135 celerius
926 4071 1009 4156 legis
1030 4070 1209 4153 praemiat)
1236 4081 1313 4152 post
1334 4071 1365 4134 in
1389 4069 1483 4134 Afri-

148 4182 235 4240 cum,
269 4163 343 4229 inde
366 4162 405 4227 ad
427 4166 646 4241 eonsidntum3
677 4187 772 4250 quem
792 4165 836 4228 ita
861 4167 977 4255 gessit,
1011 4177 1047 4227 ut
1069 4164 1263 4250 diligentiam
1286 4163 1483 4229 admiraren-

146 4270 201 4319 tur
231 4280 377 4336 onmes„
397 4260 559 4345 ingenium
589 4254 857 4346 cognoscemini.
902 4263 986 4326 Post
1015 4262 1055 4323 ad
1085 4259 1340 4324 Mithridaticum
1365 4259 1483 4322 bellum

57 4421 60 4427 ¹
147 4352 261 4421 missus
284 4374 302 4416 a
324 4366 454 4431 senatu,
493 4375 559 4419 non
581 4357 680 4418 modo
703 4355 886 4441 opinionem
910 4354 987 4418 vicit
1009 4354 1169 4430 omnium,
1200 4376 1280 4439 quae
1304 4357 1343 4417 de
1364 4354 1484 4419 virtute

98 4460 104 4480 ¹
148 4448 322 4527 sincerat,
348 4448 681 4534 sedctitm‘gloriam
701 4452 917 4533 superiorum.
962 4449 994 4515 2.
1018 4450 1122 4535 quue
1138 4450 1198 4514 eo⁵
1220 4447 1281 4512 suit
1296 4448 1482 4526 mirabilius,

145 4589 780 4626 ’ΜΗ

223 4688 265 4758 (¹)
282 4700 321 4742 ε
339 4692 371 4740 in
381 4684 459 4758 foro
471 4686 542 4757 flor.
561 4687 597 4742 Η.
634 4687 675 4762 (2)
693 4716 733 4735 -ψ
749 4687 833 4743 retro
851 4684 989 4743 inmanis,
1008 4670 1058 4738 ‘Ut
1076 4672 1150 4737 enirn
1169 4684 1286 4737 urbanis
1304 4683 1380 4741 adm.
1398 4685 1484 4752 finnt.

149 4766 198 4831 (ι-
216 4762 346 4817 nements
369 4781 421 4837 pro
440 4763 558 4816 urbanis
582 4768 669 4832 etiam
694 4766 741 4832 Β.)
780 4762 818 4838 (³)
838 4777 876 4819 w
897 4780 950 4834 pet·
975 4762 1079 4817 multos
1102 4762 1135 4816 B.
1163 4761 1198 4815 H.
1225 4761 1267 4814 Μ.
1289 4761 1326 4815 G.
1358 4762 1485 4814 Praestat

149 4834 245 4893 t'smen
269 4838 439 4919 ὑπερβολή,
460 4852 545 4910 quam
570 4855 669 4897 contra
696 4844 792 4905 Mam,
822 4855 905 4909 quem
932 4843 963 4893 tn
987 4837 1101 4904 multis,
1131 4840 1297 4910 praenestini
1316 4835 1485 4902 levioribus,

79 4974 83 4977 ,
146 4918 284 4985 sequitur,
303 4917 421 4970 servavit
443 4920 528 4973 etiam
549 4916 581 4969 L.
599 4913 643 4990 (et
661 4916 701 4993 2.)
738 4913 777 4989 (²⁸)
796 4917 844 4970 Sic
863 4914 896 4969 B.
916 4916 951 4973 H.
971 4914 1003 4971 1..
1023 4913 1060 4970 G.
1079 4920 1108 4971 2.
1126 4942 1165 4959 ι·-
1182 4916 1370 4985 agnoscerent
1388 4914 1423 4969 V.
1442 4911 1487 4967 M.

150 4991 194 5048 DJ
207 5001 233 5052 1.
272 4987 310 5060 (⁵)
329 5020 368 5036 -·
385 5007 441 5049 om.
461 5009 493 5044 ec
514 4988 584 5048 edd.
605 4992 671 5067 aliq,
690 4997 722 5050 Β.
742 4990 822 5067 prob.
842 4990 878 5048 D.
1412 5022 1414 5026 -
