3188 5492
381 309 391 362 ,
453 334 457 343 ,

510 432 676 503 n1n‚v.
723 430 765 496 c.
790 430 921 495 sust.
1034 470 1039 478 ·
1151 376 1163 389 ”
1262 376 1411 507 atu

31 577 99 639 eius
122 574 262 638 fortiter
281 573 416 637 serenda
441 571 647 656 praecipiunt
669 573 799 649 eadem,
836 545 918 658 qu'ae
941 572 1055 636 Stoici.
1101 574 1145 636 Et
1166 575 1294 658 quidem
1312 575 1385 639 Ar·

32 669 148 735 cesilas
170 681 269 746 titus,
294 668 354 731 etsi
375 668 437 732 fuit
458 669 490 732 in
513 665 1069 751 disserendo‘pertinaciorstamen
1083 666 1292 743 noster‘iuit3
1315 681 1385 733 erat

32 765 116 828 enim
138 762 347 829 Pdlemonis.
404 762 438 827 ls
461 785 558 848 quum
580 765 709 826 arderet
730 764 894 845 podagrae
917 750 1384 845 doloribus,..visitassetque¹

31 859 197 927 hominene
223 858 447 941 *Corniadem
487 857 623 939 Epicuri
644 846 890 938 perfamiliaris,
929 868 961 919 et
989 853 1087 919 tristis
1109 854 1235 919 exuet:
1274 878 1383 932 uisne,

33 976 175 1038 quaeso,
209 950 336 1038 inquit,
373 951 557 1017 Corniade²
579 962 709 1031 noster:
733 950 812 1013 nihil
833 949 920 1014 illinc
942 946 1006 1013 hirc
1027 949 1187 1032 pervenit.
1236 951 1385 1015 Ostendit

31 1051 130 1133 pedes
155 1060 189 1110 et
212 1058 359 1128 pectus„
385 1046 438 1109 Ac
459 1045 587 1108 tamen³
607 1044 662 1107 hin
683 1043 790 1106 mallet
812 1065 876 1107 non
899 1044 1023 1107 dolere.
1342 1059 1345 1069 “
1414 1108 1419 1117 ,

117 1142 284 1206 XXXII.
308 1141 478 1205 uanitaee
499 1140 599 1224 igitur
620 1151 668 1203 est
690 1151 802 1203 nostra
824 1139 928 1212 ratio,
953 1159 1036 1223 quae
1050 1136 1111 1202 tihi
1124 1136 1252 1200 videtur
1274 1137 1387 1201 incon·

33 1248 140 1301 stans:
175 1259 278 1319 quum
300 1247 438 1319 propter
466 1234 593 1298 virtutis
624 1236 791 1297 caelestem
816 1236 971 1315 quandam
995 1243 1026 1295 et
1041 1232 1180 1295 divinam
1202 1242 1386 1316 tantamque

33 1331 285 1415 praestantiam,
312 1341 363 1405 ut,
387 1328 443 1392 ubi
466 1328 568 1417 virtus
591 1328 631 1391 sit
653 1347 773 1411 resque
792 1346 926 1411 maguae
949 1339 981 1389 et
995 1344 1115 1391 siunme
1131 1325 1304 1387 laitdahile's
1319 1326 1386 1388 vir-

34 1437 100 1489 tute
124 1426 276 1510 gestaei,
301 1424 346 1486 ibi
369 1440 439 1488 esse
463 1422 588 1486 miserie
608 1434 639 1485 et
662 1443 811 1484 aerumna
834 1443 898 1485 non
920 1413 1041 1503 possit,
1067 1433 1170 1482 tamen
1192 1420 1286 1481 labor
1308 1432 1387 1500 pos-¹
1430 1419 1440 1425 ’

30 1519 93 1596 sit,
126 1520 241 1601 possit
273 1518 459 1585 molesia&
496 1538 562 1581 non
596 1516 743 1580 dubitem
767 1516 891 1591 dicere,
932 1537 1040 1579 omnes
1072 1514 1230 1597 sapientes
1259 1535 1386 1595 semper

35 1615 149 1677 beatos
173 1614 268 1689 es‘se;
292 1617 349 1679 sed
370 1625 476 1677 tamen
494 1611 567 1675 lieri
588 1632 703 1693 posse,
728 1622 763 1674 ut
782 1609 825 1699 sit
847 1610 928 1673 alius
949 1609 1013 1673 alio
1036 1607 1175 1672 heatior.
1208 1608 1310 1691 Atqui
1326 1609 1385 1670 iste

36 1707 127 1771 loeus
150 1696 225 1784 cst,¹
258 1707 357 1784 Piso,
396 1707 453 1777 tibi
475 1707 568 1770 etiam
591 1717 686 1789 atque
710 1705 803 1769 etiam
826 1705 1081 1780 confirmandus,
1105 1703 1258 1786 inquam:
1290 1720 1394 1786 quem*

37 1801 63 1863 si
84 1801 252 1876 tenueris,
285 1824 350 1864 non
374 1803 470 1864 modo
494 1823 594 1862 meum
620 1799 831 1874 Ciceronem,
855 1799 1027 1863 sedetiam
1051 1821 1099 1861 tue
1122 1798 1224 1879 ipsum
1249 1799 1386 1859 abducas
1483 1866 1488 1875 Ι

36 1897 158 1963 licebit.
211 1897 268 1961 96.
293 1898 376 1959 'sirm
400 1894 559 1977 Quintus,
584 1872 671 1957 Mihi
692 1894 862 1980 quidem⁶‚
886 1892 1007 1978 inquit,
1026 1893 1107 1959 <satis
1130 1894 1193 1957 boc
1215 1891 1411 1955 continuu—
1516 1936 1522 1945 .

37 2005 102 2054 tum
125 1993 272 2055 videtur.
330 1991 476 2055 Laetor⁷
499 1989 646 2074 quidem,
681 1988 939 2071 philosophiam,
979 1988 1067 2052 cuius
1090 1998 1181 2050 antea
1203 1982 1387 2067 supellecti-
1466 2041 1473 2045 .

39 2086 97 2149 lem
120 2086 228 2167 pluris
252 2085 596 2169 aestimabam,¹quatn
621 2083 839 2166 possessiones
860 2081 1082 2165 reliquorum,
1108 2117 1148 2127 -
1169 2079 1213 2143 ita
1234 2078 1313 2142 mihi
1338 2078 1386 2141 di·

39 2202 93 2243 ves
114 2181 312 2257 videbatur,
336 2192 370 2242 ut
393 2182 433 2242 ab
456 2201 493 2241 ea
515 2190 626 2262 petere
648 2197 796 2259 possem,
822 2174 976 2260 quidquid
989 2174 1022 2236 in
1045 2173 1157 2238 studiis
1173 2173 1291 2239 nostris
1306 2194 1386 2236 con·
1460 2190 1463 2197 ’

41 2272 221 2356 rupissem:
247 2274 393 2362 -banc
420 2271 531 2357 igitur⁸
550 2266 654 2336 laetor
683 2269 977 2352 etiamacutioreui
1000 2280 1160 2350 repertam
1184 2291 1277 2352 quarn
1300 2279 1386 2331 cete-

40 2388 111 2430 ras:
147 2370 245 2452 »quod
276 2367 404 2452 quidam
431 2366 461 2430 ei
482 2369 591 2430 deesse
614 2367 794 2430 dicebant.
834 2365 911 2426 Nou
933 2364 1049 2446 quam8
1072 2374 1214 2426 nostram
1237 2362 1385 2445 quideml

40 2459 161 2546 inquit⁹
184 2461 390 2545 Pomponius
411 2461 553 2537 iocans,
600 2463 656 2524 sed
678 2459 858 2522 mehercule
880 2469 1031 2541 pergrata
1053 2454 1164 2519 mihi¹⁰
1187 2455 1294 2520 oratio
1317 2462 1384 2518 tna.

43 2555 131 2634 Quiae
160 2556 248 2647 enim
272 2556 335 2618 dici
356 2554 471 2619 Latine
493 2577 589 2639 posse
613 2577 677 2617 non
701 2552 902 2627 arbitrabar,
941 2573 978 2614 ea
1001 2550 1179 2614 dictasunt
1202 2564 1291 2627 ate,
1327 2572 1386 2614 nee

44 2648 142 2713 minus
163 2651 283 2733 plane,
309 2672 403 2735 quam
425 2649 573 2715 dicuntur
596 2670 614 2711 a
637 2646 791 2723 Graecis,
816 2646 924 2710 verbis
948 2645 1029 2728 aptis
1043 2648 1079 2708 ¹¹.
1104 2647 1167 2708 Sed
1185 2644 1308 2727 teinpus
1323 2656 1383 2722 est,

44 2739 70 2802 si
91 2743 243 2809 videturz
271 2755 303 2807 et
325 2746 414 2807 recti
435 2744 562 2829 quidem
585 2745 624 2805 ad
646 2764 709 2806 me.
765 2741 864 2822 Quod
886 2762 984 2823 quum
1004 2740 1058 2803 ille
1081 2738 1233 2814 dixisset,
1257 2753 1288 2802 et
1310 2738 1388 2802 satis

45 2834 237 2918 disputatum
259 2838 443 2912 rideretur,
467 2840 498 2900 io
524 2837 677 2919 oppidum
699 2838 741 2899 ed
762 2833 981 2917 Pomponium
1003 2835 1203 2921 perreximus
1226 2853 1349 2897 omnes.

62 2949 151 2965 ῃ

98 3002 138 3068 (Ἰ)
158 3033 198 3046 -
216 3007 382 3074 vicissetque
402 3004 433 3055 L.
454 3002 540 3056 solue.
561 3002 601 3074 (²)
621 3001 667 3054 Sis
686 3001 719 3054 de
730 3005 835 3073 optima
848 3000 883 3052 D.
904 3017 978 3072 susp.
994 2999 1059 3052 sch.
1070 3004 1097 3053 2.
1109 3026 1148 3041 ·-
1162 2999 1322 3051 Carneades
1337 3028 1356 3040 -
1369 3008 1388 3040 -‘
1488 3003 1490 3011 '

48 3077 191 3129 Carneade
214 3077 286 3133 Cdd.
306 3077 375 3131 Edd.
397 3094 461 3130 ante
481 3085 508 3133 2.
529 3078 567 3152 (³)
587 3095 653 3130 cum
674 3079 746 3150 Spir.
766 3075 823 3129 Erl.
843 3076 879 3131 G.
893 3080 921 3130 2.
934 3097 973 3134 =
987 3076 1126 3126 Attamen
1147 3074 1249 3127 Ceteri·
1265 3073 1308 3148 ¹(4)
1322 3090 1388 3126 0¹11ss

48 3150 117 3223 Spir.
136 3153 195 3207 tiri.
218 3151 279 3227 (qni
300 3171 356 3206 om.
376 3159 417 3221 et)
436 3154 524 3209 Mers.
544 3154 621 3208 Crat.
641 3152 723 3226 (quae
743 3169 848 3203 summe
867 3151 970 3216 habet,
990 3168 1048 3202 non
1066 3166 1205 3216 stammas,
1226 3166 1257 3203 ut
1277 3154 1317 3201 ait
1336 3147 1388 3222 G.)

48 3227 82 3280 G.
99 3235 128 3284 2.
147 3244 187 3271 ‘—
207 3248 306 3301 resque
324 3246 446 3298 magnae
462 3229 614 3281 sumendae
633 3229 837 3300 laudabilesque
855 3245 886 3281 vr
906 3244 937 3297 g.
956 3227 1066 3292 Ceteri,
1085 3240 1194 3299 praeter
1206 3227 1253 3291 L„
1272 3229 1336 3298 qui:
1349 3252 1389 3268 -
1409 3285 1416 3293 ⁴
1491 3247 1494 3255 ¹

49 3319 140 3374 resque
160 3323 300 3374 magnae,
329 3305 496 3371 sumendae,
524 3305 679 3357 laudabiles
697 3314 728 3357 et
744 3324 774 3357 v.
793 3321 824 3372 g.
864 3302 903 3371 (⁵)
923 3320 989 3355 cnm
1009 3301 1082 3374 Spir.
1102 3300 1158 3353 Erl.
1180 3302 1215 3356 G.
1236 3307 1262 3355 2.
1281 3328 1321 3342 -
1339 3301 1389 3350 la-

50 3376 207 3451 borpossit
226 3381 336 3432 etmel.
356 3379 460 3435 Ceteri.
508 3379 547 3454 (θ)
567 3411 605 3423 -
623 3394 694 3432 vero
714 3380 779 3433 Sola.
799 3378 828 3435 (l.
850 3384 877 3432 2.
925 3377 964 3446 (⁷)
982 3406 1021 3420 -
1039 3378 1183 3447 laetorque
1203 3379 1236 3429 D.
1256 3393 1332 3448 susp.
1350 3390 1389 3428 oo

52 3461 78 3504 et
94 3453 187 3506 laetor
206 3454 241 3508 de
259 3457 297 3511 G.
317 3450 393 3529 suspss
414 3456 478 3510 Sela.
499 3461 526 3510 2.
564 3453 603 3530 (⁸)
624 3464 688 3509 c'um
706 3454 776 3509 cdd.
790 3455 832 3508 M.
846 3455 878 3507 L.
894 3452 975 3525 Seqq.
988 3482 1028 3497 -
1039 3448 1192 3521 Nunquam
1204 3449 1274 3504 Cdd.
1288 3451 1388 3524 pleriq.

52 3529 81 3581 P.
102 3529 148 3584 Cr.
167 3533 201 3584 V.
242 3530 280 3601 (⁹)
299 3553 337 3590 =
355 3531 525 3604 Pomponius
543 3532 634 3602 inquit
652 3549 716 3584 cum
736 3528 809 3585 Gnd.
835 3535 918 3604 prim.
940 3531 1027 3584 Mars.
1049 3529 1084 3582 G.
1105 3527 1174 3580 Vide
1194 3525 1333 3579 Heindorf
1350 3525 1391 3581 ad

53 3602 88 3656 N.
108 3605 198 3660 Dear.
215 3626 246 3678 p.
268 3609 312 3665 16.
363 3607 413 3674 (¹⁰)
432 3637 472 3651 -
486 3616 629 3679 pergrata
640 3606 708 3679 sirit
725 3606 793 3657 milri
812 3608 843 3660 t.
864 3605 948 3660 solus.
987 3606 1039 3673 (tt)
1063 3602 1164 3657 Sensus
1185 3618 1226 3655 est
1247 3607 1392 3676 apertissi-

54 3695 128 3742 mum
148 3681 268 3735 eundem
289 3683 354 3736 Sah.
373 3680 404 3739 Ε.
425 3690 452 3738 2.
473 3699 521 3735 sua
535 3686 752 3756 transpositione
768 3681 928 3736 hominibus
949 3678 1098 3734 Germinn
1118 3679 1265 3733 clariorem
1279 3678 1390 3732 effecit:

55 3779 90 3797 ··-
116 3755 195 3809 dicta
223 3765 290 3809 sient
314 3777 333 3809 a
359 3766 386 3808 te
411 3759 507 3821 verbis
534 3765 627 3830 aptis,
660 3779 709 3812 nes
739 3758 811 3824 (scil.
839 3756 913 3830 qnod
933 3754 966 3808 ad
987 3774 1030 3809 res
1051 3761 1124 3829 ipsas
1144 3751 1279 3828 pertinet)
1299 3758 1392 3805 minus

54 3829 143 3898 plane,
162 3852 246 3904 quam
265 3833 397 3885 dieantur
415 3853 434 3885 a
454 3836 573 3886 Graecis
580 3821 598 3897 ;¹
611 3832 659 3888 sed
679 3841 709 3888 in
728 3833 940 3905 ordine,quem
960 3832 1068 3887 Tullius
1089 3836 1148 3904 ipse
1163 3829 1309 3902 praetulit,
1331 3845 1392 3881 ma·

7 3920 8 3923 ’
56 3907 94 3974 git
114 3906 204 3962 elucet
225 3914 366 3982 oppositio
387 3928 480 3963 rerum
500 3927 534 3962 ac
552 3910 710 3967 uerborum.
731 3913 858 3963 Demiror
876 3927 934 3961 non
954 3924 1012 3960 tem
1032 3909 1068 3962 G.
1089 3927 1114 3960 v.
1133 3906 1228 3957 uerbis
1249 3911 1326 3977 aptis
1339 3922 1390 3978 pro
1502 3954 1505 3959 .

57 3979 134 4050 gloss.
162 3984 309 4053 habuisse,
334 4000 418 4056 quom
450 4002 591 4039 summum
626 3986 796 4039 Lambinum
822 3990 914 4058 ipsum
934 3989 974 4037 ita
994 3987 1023 4036 in
1049 3983 1093 4037 his
1113 3979 1278 4046 offendisse,
1308 3996 1340 4033 ut
1360 3978 1391 4035 i.

58 4053 159 4119 ederet:
182 4090 222 4102 —-
245 4079 295 4112 nec
313 4065 406 4113 minius
423 4064 525 4133 plane,
555 4080 639 4134 queam
657 4063 787 4115 dt'suntur
805 4080 824 4112 a
843 4062 979 4122 Graecis,
1012 4077 1061 4111 nes
1079 4058 1175 4111 verbis
1195 4061 1286 4107 minus
1304 4061 1389 4126 aptis.

57 4128 166 4188 Poterat
185 4153 251 4189 sone
278 4142 321 4190 sio
339 4137 461 4191 seribere
481 4138 597 4190 Cicero:
628 4136 700 4200 sed„
718 4152 802 4208 quum
821 4136 952 4189 Pisonem
972 4133 1104 4202 laudans,
1123 4138 1181 4206 ipse
1201 4149 1230 4184 se
1249 4130 1391 4197 laudaret,

60 4215 85 4257 et
102 4208 238 4266 modestid
263 4210 400 4283 quadarn,
429 4229 458 4267 et
477 4218 579 4266 intima
598 4231 724 4285 quoqne,
750 4217 780 4264 ni
800 4228 901 4284 magno
922 4229 1004 4283 opere
1023 4208 1121 4275 fallor,
1141 4211 1199 4261 v'eri
1219 4207 1392 4261 conscientii

8 4354 10 4361 y
60 4275 152 4338 duetus
172 4287 208 4340 ah
227 4288 281 4341 hac
300 4290 454 4367 ὑπερβολῇ
474 4305 533 4342 sese
554 4288 700 4342 abstinuit.
728 4287 811 4357 Quod
832 4303 923 4341 autern
950 4286 1023 4359 Spin.
1043 4286 1117 4350 Erb,
1137 4283 1251 4358 (optimi
1272 4281 1390 4337 Codices
1493 4314 1495 4318 v

60 4369 119 4409 curn
138 4362 265 4417 Palatino
291 4369 393 4437 primo,
420 4362 579 4423 Mareliano
605 4379 633 4417 et
659 4362 788 4436 Margine
816 4359 1012 4434 Cratandrina)
1038 4362 1085 4414 hie
1106 4361 1233 4413 turbanti
1252 4361 1391 4431 —plane

60 4433 162 4507 uerbis,
182 4456 265 4511 picam
283 4435 415 4491 dicunt'ur
433 4460 453 4492 a
472 4441 591 4493 Graecis
609 4445 685 4511 aptis
703 4439 746 4493 vel
766 4443 845 4492 casui
866 4439 951 4492 tribui
973 4436 1070 4502 debet,
1095 4434 1139 4488 vvel
1160 4452 1287 4508 perverso
1305 4433 1394 4487 libre-

61 4508 160 4564 riornm
179 4514 288 4584 studio,
306 4515 389 4569 verbe
409 4514 544 4583 confusa,
566 4532 597 4569 ut
613 4518 707 4591 ‘primo
727 4514 860 4588 adspectu
878 4513 1022 4579 videntur,
1040 4508 1131 4586 (uerbi
1151 4525 1234 4562 causa
1254 4528 1288 4562 ex
1307 4516 1395 4563 inter·
1430 4554 1432 4559 .

62 4588 203 4719 Ρῦἓιοῐίοἰὲῗ
218 4592 346 4649 Iuntina:
365 4609 415 4649 nec
433 4598 525 4645 minus
540 4595 637 4665 plane,
657 4610 740 4664 queam
760 4591 920 4644 dictatura
933 4591 1053 4643 Graecis
1064 4586 1159 4641 verbis
1177 4581 1267 4658 aptis)
1288 4590 1392 4641 rectius

64 4669 92 4708 or
111 4665 171 4723 ‘nan
193 4670 210 4723 χ
1385 4658 1386 4664 ’
