3288 5490
206 378 251 445 so
471 364 473 373 ’
550 354 943 443 acanumconuiu
964 372 1228 489 sumnum

81 520 86 527 ’
204 511 293 606 'gatis
314 520 394 584 haec
414 528 479 584 tam
501 515 602 601 polite
615 528 751 602 'tamqire
771 514 931 580 subtiliter
953 513 1197 601 effieipotuisse
1219 512 1288 578 sine'
1307 512 1414 577 divina
1437 514 1541 600 aliqua

209 614 367 684 sollertia.
413 611 513 679 Cuim
536 610 663 696 quidem
683 632 745 676 vos
767 611 962 675 maiestatem
986 609 1140 677 deducitis
1164 612 1321 693 usquead
1343 608 1450 690 apium
1471 609 1541 673 for·

210 710 428 794 minarumque
446 705 696 791 perfectionem:
718 715 754 767 ut
777 706 869 769 etiam
892 704 978 768 inter
999 706 1078 769 deos
1093 704 1313 783 Myrmecides
1334 702 1459 788 aliquis,
1485 704 1542 766 mi-

209 815 360 869 nutorum
383 803 612 885 opusculorum
630 800 829 874 fabricator,
854 798 952 861 fuisse
967 797 1127 883 videatur.
1170 797 1253 860 1121.
1272 799 1382 879 Negas
1397 797 1465 861 sine
1483 800 1543 862 deo

209 919 309 982 posse
330 895 536 982 quidquam¹.
574 896 661 958 Ecce
683 892 742 956 tibi
763 912 782 955 e
803 904 990 954 transverso
1007 892 1246 971 Lampsacenus
1262 893 1393 966 Strato,
1418 892 1544 977 quidet

209 992 262 1057 isti
285 994 347 1055 deo
370 988 594 1052 immunitatem
614 983 719 1073 magni
734 985 861 1072 quidem
879 985 1036 1048 miinoris:
1060 986 1134 1048 sed²
1150 1007 1248 1069 quum
1263 989 1447 1049 sacerdotes
1465 989 1544 1049 deo-
1563 1018 1569 1025 ·

75 1132 78 1141 .
180 1084 281 1171 'rum
298 1084 496 1165 vacationem
518 1084 674 1157 habeant,
700 1093 819 1166 quanto
835 1089 883 1142 est
905 1079 1177 1165 aequiusbabere
1198 1079 1287 1161 ipsos
1310 1083 1405 1144 deos!
1434 1084 1544 1166 Negat

212 1201 313 1262 opera
335 1180 467 1241 deorum
489 1197 522 1239 se
543 1175 589 1239 uti
605 1178 644 1237 ad
657 1173 877 1237 fabricandum
895 1175 1055 1243 mundum.
1084 1174 1318 1258 ‘Quaecunque
1333 1175 1407 1249 sint,
1432 1177 1541 1251 docet,

213 1273 319 1339 omnia
340 1273 453 1336 effecta
475 1272 563 1334 esse³
585 1281 719 1333 natura:
753 1290 830 1343 nec,
866 1278 900 1328 ut
929 1266 1001 1342 ille,
1037 1265 1091 1350 qui
1120 1267 1241 1348 asperis
1274 1280 1306 1329 et
1334 1269 1485 1332 laevibus
1514 1281 1545 1333 et

210 1368 343 1433 hamatis
372 1365 590 1450 uncinatisque
620 1364 813 1445 corporibus
842 1371 993 1423 concreta
1025 1354 1104 1421 liaec
1133 1380 1202 1422 esse
1232 1361 1335 1438 dicat,
1374 1365 1543 1429 interiecto
1624 1350 1626 1361 ’

211 1461 310 1525 inani.
354 1459 483 1541 Somnia
499 1470 606 1521 censet
619 1458 699 1520 baec
713 1476 782 1518 esse
797 1453 995 1528 Democriti,
1021 1475 1085 1516 non
1103 1454 1265 1531 docentis,
1290 1460 1346 1521 sed
1368 1460 1508 1540 optantis
1516 1462 1542 1521 ²⁴.

153 1586 154 1601 ¹
210 1557 288 1639 Ipse
310 1566 413 1617 atatem
435 1553 577 1638 singulas
602 1550 710 1614 mundi
738 1561 846 1632 partes
876 1569 1092 1633 persequens,
1127 1548 1280 1632 quidquid
1308 1563 1362 1617 aut
1391 1552 1452 1627 sit,
1491 1563 1569 1621 aut.

100 1669 104 1677 ·
212 1652 286 1725 ilat,
319 1647 517 1710 naturalibus
539 1644 628 1722 fieri,
661 1656 713 1708 aut
735 1644 853 1707 sactum
876 1664 964 1716 esse,
1000 1645 1094 1706 docet
1114 1643 1312 1724 ponderibus
1336 1657 1367 1706 et
1389 1645 1542 1711 motibus.

212 1744 284 1807 Nae
313 1740 391 1804 ille⁵
415 1752 447 1803 et
478 1742 570 1802 deum
602 1759 700 1821 opere
723 1737 866 1822 magno⁶
889 1737 1022 1812 liberat,
1057 1747 1089 1803 et
1111 1759 1160 1800 me
1181 1737 1310 1802 timore.
1357 1740 1436 1820 Quis
1461 1740 1545 1803 enim

212 1848 340 1922 potest,
364 1856 462 1920 quum
478 1831 654 1908 existimet,
679 1853 712 1895 se
735 1831 841 1895 curari
863 1854 881 1894 a
903 1835 964 1895 deo
973 1832 998 1906 ⁷,
1023 1853 1088 1894 non
1111 1844 1142 1895 et
1163 1833 1248 1909 dics,
1273 1845 1304 1896 et
1326 1845 1439 1897 noctes
1462 1835 1544 1896 ‹liui-

212 1954 286 1996 num
309 1950 424 1993 numen
445 1925 606 1991 horrere?
629 1937 677 2001 et,
702 1927 729 1989 si
749 1927 825 2009 quid
839 1925 965 1989 adversi
981 1925 1150 2001 acciderit,
1175 1930 1276 2012 (quod
1300 1927 1350 1992 cui
1372 1950 1437 1992 non
1460 1928 1544 2027 acc'i·

214 2022 305 2105 citt)
326 2022 556 2097 extimescere,
581 2042 620 2083 ne
642 2020 675 2082 id
696 2021 766 2084 iure
789 2019 956 2084 evenerit?
986 2021 1056 2082 Nec
1077 2021 1220 2085 Stratoni
1242 2034 1350 2091 tannen,
1368 2022 1543 2096 assentior3

215 2120 296 2185 nec⁸
318 2138 400 2180 vero
423 2115 494 2179 tibi.
539 2116 647 2179 Modo
669 2116 752 2188 hoc,
777 2116 874 2178 modo
896 2114 975 2177 illud
996 2115 1195 2195 probabilius
1217 2116 1356 2180 videtur.

299 2210 475 2293 XXXIX,
508 2209 582 2272 tta.
613 2211 731 2272 Latent
752 2207 812 2272 ista
835 2208 959 2281 omnia,
990 2209 1145 2285 Luculle,
1177 2210 1290 2273 crassis
1313 2210 1493 2275 occultata⁹
1514 2221 1545 2273 et

215 2307 406 2391 circumfusa
427 2302 586 2378 tenebris,
610 2315 644 2365 ut
666 2303 752 2365 nulla
773 2302 857 2392 acies
878 2303 1006 2365 humani
1027 2298 1144 2388 ingenii
1165 2316 1251 2367 tanta
1266 2304 1325 2381 sit,
1350 2325 1432 2389 quae
1447 2325 1544 2386 pene·

215 2415 302 2466 trare
324 2401 355 2463 in
378 2399 518 2474 caelum,
553 2408 673 2464 terram
694 2396 814 2459 intrare
835 2395 959 2478 possit:
997 2417 1137 2478 corpora
1158 2410 1269 2462 nostra
1292 2420 1357 2463 non
1378 2399 1542 2472 novimus3

217 2499 273 2582 qui
286 2494 349 2557 sint
366 2494 442 2556 situs
457 2490 606 2574 partium,
624 2510 717 2574 quam
734 2489 797 2553 vim
812 2509 955 2575 quaeque
970 2511 1043 2572 pars
1059 2493 1184 2568 habeat,
1202 2494 1397 2577 ignoramus.
1430 2493 1544 2576 Itaque

219 2587 329 2653 medici
345 2585 416 2670 ipsi,
434 2604 569 2671 quaerum
589 2583 740 2647 intererat
756 2605 792 2648 ea
808 2606 916 2659 nosse,
934 2597 1137 2665 aperuerunt,
1158 2598 1193 2649 ut
1209 2586 1393 2649 viderentur
1401 2587 1443 2649 ¹⁰.
1477 2589 1545 2649 Nec

163 2693 169 2701 ·
219 2703 259 2749 eo
281 2694 405 2757 tannen,
429 2681 516 2743 airtnt
539 2676 727 2760 ernpiriciss,
753 2676 882 2742 notiora
904 2700 972 2741 esse
994 2677 1065 2753 illa3
1098 2680 1173 2763 quia
1194 2682 1297 2762 possit
1319 2679 1408 2756 lieri,
1433 2692 1469 2743 ut
1490 2702 1546 2763 pa·
1623 2734 1625 2765 Ξ

219 2775 336 2841 tefacta
354 2772 524 2837 etdetecta
540 2783 711 2835 mutentur.
750 2772 812 2834 Sed
826 2773 941 2857 ecquid
955 2793 1012 2835 nos
1035 2775 1147 2837 eodem
1170 2777 1265 2838 ruodo
1289 2795 1394 2836 rerum
1418 2785 1546 2846 naturas
1623 2768 1625 2835 j

176 2867 179 2873 ’
217 2888 405 2955 persecare,
431 2866 573 2950 aperire,
598 2865 741 2928 dividere
762 2887 946 2947 possumus,
971 2877 1006 2928 ut
1028 2866 1209 2944 videamus,
1234 2880 1320 2931 terra
1342 2868 1545 2950 penitusne¹²
1616 2880 1621 2891 “

139 2976 141 2983 ’
220 2965 325 3027 delixa
346 2963 387 3026 sit
408 2974 440 3024 et
460 2959 553 3046 quasi
574 2959 734 3043 radicibus
756 2960 820 3022 stris
842 2962 989 3035 haereat,
1014 2983 1053 3022 an
1076 2962 1175 3025 media
1197 2962 1357 3045 pendeat?
1384 2962 1458 3024 tae.
1476 2964 1549 3025 Ha·v

219 3058 316 3122 bitari
331 3055 375 3119 ait
390 3056 607 3137 Xenophanes
630 3052 662 3114 in
683 3053 776 3129 luna,
799 3070 931 3137 eamque
953 3074 1022 3117 esse
1044 3066 1165 3123 terram
1184 3057 1353 3119 multarum
1374 3057 1502 3119 urbium
1517 3066 1548 3118 et

220 3150 387 3215 montium.
432 3150 588 3223 Portenta
609 3141 779 3211 videntura
810 3151 867 3229 sed
888 3160 989 3210 tamen
1012 3170 1115 3235 neque
1137 3150 1209 3224 ille,
1241 3150 1295 3233 qui
1316 3150 1415 3225 dixit,
1439 3149 1547 3213 iurare

221 3257 349 3328 posset,
374 3244 419 3307 ita
440 3263 474 3306 se
498 3263 565 3305 rem
586 3242 724 3315 babere3
739 3284 741 3291 ι
757 3259 860 3325 neque
882 3262 964 3326 ego,
993 3243 1133 3307 nonita.
1178 3244 1291 3307 Dicitis
1314 3245 1454 3320 etiam¹³‚
1480 3265 1548 3308 esse

222 3360 240 3402 e
261 3337 396 3424 regione
418 3335 531 3410 nobis,
556 3355 574 3397 e
596 3333 754 3397 contraria
772 3346 862 3417 parte
885 3337 1036 3412 tei-ravi,
1061 3336 1114 3421 qui
1137 3337 1278 3400 adversis
1300 3338 1445 3421 vestigiis
1467 3350 1551 3401 stent

222 3445 335 3496 contra
356 3440 468 3494 nostra
491 3422 644 3512 vestigia,
675 3447 756 3511 quos
774 3421 972 3506 ’Ἀντίποὸας
999 3432 1141 3494 vocatis:
1179 3454 1237 3494 cur
1260 3430 1333 3494 milri
1355 3430 1457 3515 magis.
1478 3452 1550 3493 suc·

223 3525 377 3600 censetis,
402 3522 459 3608 qui
473 3522 530 3585 ista
546 3543 609 3587 non
625 3541 798 3602 aspernor,
823 3544 915 3605 quiam
932 3521 996 3598 eis,
1020 3524 1094 3609 qui,
1119 3547 1217 3610 quum
1232 3527 1380 3600 audiunt,
1403 3524 1549 3607 desipere

222 3640 284 3683 vos
307 3613 529 3680 arbitrantur?
566 3614 698 3677 Hicetas
709 3615 734 3657 ¹⁵
756 3615 962 3695 Syracusius,
998 3631 1032 3681 ut
1054 3617 1098 3681 ait
1120 3621 1383 3702 Theophrastus,
1413 3619 1548 3693 eaelum,
1577 3676 1579 3693 ,

224 3712 346 3784 solem,
374 3710 503 3784 lunam,
535 3707 660 3781 stellas,
694 3729 808 3789 supera
831 3710 964 3794 denique
988 3711 1110 3796 omnia,
1146 3714 1265 3777 stare¹⁶
1287 3724 1411 3797 censen
1448 3705 1555 3798 neque
1623 3764 1624 3771 ,

228 3799 489 3813 m-

296 3830 334 3895 (1)
348 3857 385 3870 -
393 3847 425 3899 p.
437 3824 584 3898 quidquam
596 3841 655 3875 esse
669 3826 703 3879 D.
718 3843 792 3898 susp.
832 3824 869 3900 (²)
887 3836 1059 3900 -etquum
1072 3829 1107 3884 G.
1121 3828 1150 3886 G.
1188 3830 1276 3908 (5)-
1290 3851 1348 3883 esse
1362 3826 1463 3902 efficm
1476 3833 1509 3886 L.
1525 3840 1551 3889 1.
1603 3804 1624 3893 ,i

222 3900 261 3976 (¹⁴)
292 3905 493 3975 -opinantis
512 3901 547 3954 H.
596 3899 634 3974 (⁶)
668 3899 715 3952 Sic
734 3900 803 3954 Cdd.
829 3901 894 3974 aliq.
918 3904 993 3957 Crat.
1013 3907 1048 3959 D.
1069 3905 1103 3961 G.
1127 3912 1153 3962 2.
1182 3936 1220 3951 -·
1238 3913 1279 3959 sic
1297 3909 1344 3960 ille
1363 3909 1397 3961 H.
1418 3909 1450 3963 V.
1471 3909 1502 3961 L.
1525 3916 1551 3964 i·
1623 3936 1624 3951 ³

223 3978 262 4047 (ὅ)
281 3995 319 4031 eo
338 3996 425 4049 opera
443 3993 551 4044 magna
570 3975 602 4027 L.
639 3976 795 4048 ingeniose.
835 3976 872 4045 (⁷)
899 3977 1225 4041 Slchd.Ven.1i9i.
1246 3982 1289 4037 Ga
1304 3990 1329 4038 2.
1348 4004 1386 4041 ,ιι-,-
1404 3987 1503 4035 curari
1521 4000 1551 4032 se
1623 3968 1624 3993 ³

149 4068 155 4081 ¹
221 4053 305 4107 adeo
321 4057 350 4106 B.
366 4053 538 4107 ll.V.-a
557 4049 607 4102 deo
626 4069 656 4101 se
668 4068 728 4107 eur.
742 4052 784 4106 M.
797 4055 824 4105 L.
838 4055 871 4107 D.
885 4062 909 4110 1.
947 4054 1133 4128 (⁸)=1²⁶w³
1148 4059 1308 4115 ss.}1,v,[„
1347 4058 1557 4126 (sp-om..
1623 4050 1624 4107 l

178 4159 187 4167 «
222 4138 291 4183 rata
310 4129 493 4182 eMartiano
507 4126 621 4197 Capella
635 4132 661 4184 5.
682 4145 708 4199 p.
724 4130 787 4186 168.
808 4127 910 4180 Gratti.
932 4127 1103 4203 praelerebat
1125 4132 1244 4188 Durand.
1272 4134 1429 4187 Martianus
1451 4133 1551 4187 babet:

221 4209 328 4261 Latent
339 4209 397 4254 ista
408 4208 519 4268 omnia,
536 4202 569 4255 V
566 4207 766 4277 arro,¹magis
785 4199 834 4277 (an
846 4201 992 4277 magnast)
1011 4205 1160 4259 obscurata
1179 4216 1208 4260 et
1227 4207 1400 4280 circumfusa
1418 4209 1551 4263 tenebris.

222 4282 300 4336 Haec
319 4298 369 4351 ego
389 4295 439 4352 pro
459 4275 594 4332 versiculo
615 4282 723 4348 antiqui
742 4281 842 4349 poetae
868 4279 968 4333 babere
987 4299 1109 4353 nequeo,
1139 4283 1167 4336 ld
1187 4282 1263 4357 quod
1279 4290 1368 4338 visum
1388 4298 1430 4337 est
1451 4287 1487 4339 G.
1508 4290 1551 4339 2:

222 4373 256 4410 co
283 4361 387 4427 magis,
420 4351 494 4425 quod
519 4357 543 4406 si
564 4353 706 4405 Martiano
731 4351 877 4425 ullafides
904 4354 1050 4409 tribuenda
1069 4374 1110 4413 est
1131 4363 1160 4412 ln
1179 4366 1272 4433 prima
1289 4359 1332 4415 ed.
1351 4359 1551 4429 fuit'magnie,

222 4447 285 4485 voc.
305 4446 371 4483 sane
389 4446 447 4481 non
465 4431 624 4502 poiticum:
657 4428 725 4479 Rem
750 4428 862 4482 conficit
882 4430 972 4485 Acad.
993 4438 1020 4490 1.
1040 4434 1063 4500 p.
1085 4438 1129 4493 nn.
1156 4450 1185 4488 ει
1204 4437 1365 4490 Lactantius
1385 4435 1496 4489 Imtttt,
1517 4442 1551 4501 3,

177 4554 180 4563 ,
218 4514 276 4582 28,
296 4513 341 4563 12.
366 4505 564 4572 Anaxagoras
578 4507 764 4574 pronuntiat,
791 4503 964 4576 circumfusa
982 4525 1041 4559 esse
1061 4509 1182 4561 tenebris
1201 4516 1304 4565 omnia.
1343 4512 1405 4565 Hoc
1424 4529 1490 4584 ergo
1510 4509 1553 4563 di·

146 4590 147 4599 *
223 4584 302 4634 ctu'm
328 4578 526 4637 obversabatur
545 4578 655 4643 Tullio,
669 4583 875 4649 ‘pronuntianti
900 4581 1039 4648 tenebris,
1067 4603 1125 4638 non
1150 4587 1282 4640 tenebris.
1331 4587 1381 4657 (1⁰)
1408 4594 1553 4639 -ntea

222 4657 353 4709 viderent
372 4655 449 4709 Man.
469 4651 499 4709 Ε.
519 4652 615 4726 Stapb.
635 4654 666 4706 L.
698 4649 754 4727 ’(11)
775 4655 822 4706 Sic
844 4653 913 4709 Cdd.
933 4656 997 4730 aliq.
1017 4656 1066 4712 Ed.
1089 4663 1169 4718 1471.
1189 4663 1221 4715 B.
1241 4665 1276 4718 Ι),
1292 4670 1317 4719 1.
1337 4661 1373 4716 G.
1387 4668 1413 4717 2.
1432 4691 1472 4704 -
1491 4680 1552 4713 em.

202 4726 320 4806 'piricis
340 4732 373 4782 H.
396 4732 428 4783 V.
448 4730 478 4780 L.
500 4727 562 4800 (qui
583 4734 641 4800 ipse
661 4728 795 4800 probabat
815 4730 963 4807 empirici.)
1008 4734 1466 4809 (12)-terranepentt1ncdd.
1487 4728 1552 4807 aliq.

224 4807 267 4860 M.
288 4808 319 4859 L.
364 4803 413 4871 (¹³)
439 4822 452 4855 e
473 4802 542 4856 Cdd.
564 4802 600 4857 G.
621 4809 647 4858 2.
667 4832 705 4846 -
723 4822 808 4874 neque
827 4823 897 4873 ego,
921 4815 1048 4861 nonita.
1088 4811 1185 4864 Etiam
1205 4811 1257 4865 die.
1277 4815 1343 4866 Ern.
1366 4822 1391 4869 1.
1412 4841 1447 4877 .···
1468 4829 1552 4883 raeque

223 4900 288 4950 ego.
326 4880 428 4930 Nonne
448 4884 533 4929 ettam
552 4879 605 4934 dic.
624 4878 657 4932 Β.
678 4879 712 4931 Η.
733 4881 765 4931 V.
786 4879 817 4935 L.
838 4884 918 4934 Grut.
941 4885 976 4936 D.
1020 4883 1069 4952 (¹³⁵)
1090 4887 1164 4939 Haec
1183 4907 1197 4939 c
1217 4907 1241 4942 c.
1257 4910 1287 4960 p.
1307 4898 1401 4939 terrae
1419 4887 1452 4939 L.
1474 4901 1552 4939 erant

173 5007 177 5012 ,
225 4969 362 5027 suspecta.
382 4981 420 4994 -
439 4964 467 5004 et
486 4972 509 5008 c.
526 4973 555 5024 p.
577 4962 597 5006 t.
618 4953 722 5006 mavult
743 4957 777 5008 G.
823 4952 874 5029 (¹⁵)
894 4975 910 5008 e
930 4956 999 5013 Cld.
1020 4959 1054 5013 D.
1073 4970 1099 5020 1.
1120 4964 1155 5017 G,
1172 4968 1198 5018 2,
1218 4993 1254 5006 ..
1273 4966 1392 5017 Nicetas
1412 4964 1446 5016 Η,
1468 4964 1501 5016 v,
1519 4963 1552 5017 L,

224 5029 275 5104 (1⁶)
294 5055 333 5081 ·.-
350 5034 430 5078 stare
450 5034 545 5082 omnia
565 5027 634 5083 Cdd.
655 5028 720 5101 aliq.
740 5030 809 5085 Vens
830 5034 913 5089 1494.
934 5031 965 5085 B.
987 5030 1022 5091 Η.
