3188 5492
1210 296 1240 339 ,,

222 420 285 483 218
444 418 509 484 DE
531 416 720 484 FINIBUS
742 418 980 484 BONORUM
1003 416 1066 483 ET
1086 420 1336 487 MALORUM
1397 428 1405 437 ‘

216 560 335 629 nimam
348 554 481 644 'partem
504 560 647 625 obtineat
667 560 814 627 inrebus
832 560 998 636 humanis,
1023 572 1059 624 ut
1072 560 1233 647 reliquas²
1255 565 1397 629 obruunt?
1419 569 1529 635 Audebo

218 650 359 740 igilur-²,
384 676 466 740 quae
496 654 670 718 secundum
699 666 844 719 naturam
873 655 980 730 sint³,
1004 657 1089 720 bona
1111 657 1295 738 appellare,
1332 680 1393 723 nete
1411 652 1530 725 fraudare

217 772 278 816 suo
302 751 404 814 veteri
419 749 565 827 nomine,
590 772 684 834 quam
707 751 827 836 aliquid
849 750 957 833 potius
980 752 1122 815 ruovtem4
1144 753 1337 836 exquivere,
1361 754 1531 818 virtutisau·

216 858 283 908 tem
309 843 547 926 aoiiplitudinem
577 845 668 929 quasi
696 845 729 908 in
763 845 863 909 ultera
891 846 994 908 librae
1015 846 1111 910 teneo
1127 868 1264 929 ponere.
1324 849 1379 912 92.
1404 852 1530 927 'sermm

216 939 431 1012 mihicrede,
456 959 492 1001 ea
514 938 611 1015 lanx,
637 951 668 1002 et
687 939 788 1002 maria
813 939 980 1022 deprimet.
1041 942 1176 1024 Semper
1198 943 1282 1006 enim
1311 964 1354 1006 ex
1388 965 1444 1019 eo,
1464 949 1532 1028 'meod

216 1034 372 1097 inaximas
393 1045 503 1114 partes
526 1033 668 1098 continet
690 1034 905 1119 latissimeque
926 1033 1091 1109 funditur,
1115 1048 1184 1100 tota
1208 1058 1260 1100 res
1275 1039 1465 1120 appellator.
1490 1040 1532 1103 lli·

219 1129 322 1192 nimus
349 1128 485 1212 aliquem
514 1127 616 1191 hilare
646 1128 772 1192 vivere.
831 1129 966 1212 Ergo⁶‚
998 1129 1143 1192 sisemel
1165 1130 1311 1195 tristior6
1334 1133 1464 1195 effectus
1483 1145 1530 1208 est,

217 1221 406 1284 bilara‘vita
428 1221 541 1284 amissa
565 1222 636 1287 est?
657 1225 705 1287 At
726 1226 789 1288 hoc
811 1222 843 1286 iu
867 1244 907 1287 eo
930 1223 983 1285 M.
1001 1221 1141 1299 Crasso,
1167 1245 1260 1308 quem
1276 1227 1375 1288 semel
1392 1226 1432 1288 ait
1446 1225 1474 1287 iu
1488 1227 1533 1288 vite

215 1315 323 1378 risisse
345 1315 508 1392 Lucilius,
533 1338 600 1381 non
619 1317 778 1403 contigit,
802 1329 838 1380 ut
860 1338 896 1380 ea
918 1339 955 1381 re
978 1317 1083 1380 minus
1103 1314 1307 1402 ἂγέλασιος,
1332 1332 1370 1383 nt
1393 1320 1434 1382 ait
1454 1321 1531 1395 iden,

143 1426 156 1453 ’-
205 1412 401 1472 'vocaretun
460 1410 668 1493 Polycratem
691 1397 832 1475 'Samium
856 1411 982 1476 felicem
1004 1412 1244 1494 appellabant⁷.
1289 1413 1379 1476 Nihil
1403 1413 1534 1474 acciderat

214 1503 263 1577 ei,
288 1506 376 1586 quod
398 1504 516 1585 nollet,
554 1504 613 1567 nisi
636 1507 725 1590 quod
747 1508 916 1580 annotlum,
940 1528 1005 1590 quo
1028 1508 1267 1583 delectabatur,
1291 1509 1323 1571 in
1350 1507 1448 1570 mari⁸
1467 1508 1533 1569 abie-

111 1616 117 1625 “
215 1609 316 1661 cerat.
376 1600 470 1683 Ergo
493 1596 606 1661 infelix
627 1603 691 1662 und
713 1601 880 1665 molestia:
903 1600 984 1664 felix
1005 1622 1140 1681 retrsus,
1166 1624 1263 1685 quum
1285 1601 1312 1665 is
1334 1603 1405 1684 ipse
1427 1601 1534 1662 annulus

212 1692 247 1756 iu
262 1692 458 1774 praecordiis
470 1693 567 1781 piscis
579 1693 728 1757 inventus
740 1707 801 1757 est.
825 1696 887 1759 llle
901 1693 1003 1770 vero,
1019 1693 1229 1776 siiusipieus3
1246 1698 1350 1780 (quod
1364 1707 1460 1769 certe,
1473 1715 1534 1776 quo

214 1787 297 1850 niam
311 1799 463 1866 tyrannus
475 1788 500 1865 z)
516 1810 675 1872 nunquam
691 1792 823 1853 beatus:
849 1790 875 1852 si
891 1790 1034 1871 sapiens;
1057 1810 1097 1852 ne
1113 1801 1178 1851 tum
1191 1789 1318 1872 quidem
1336 1791 1444 1865 miser,
1460 1809 1533 1873 quun

214 1883 257 1943 ab
272 1882 397 1946 Oroete
405 1880 430 1955 ⁹,
448 1891 601 1962 praetore
617 1882 720 1946 Darei
728 1885 766 1959 ¹⁰,
784 1883 817 1946 in
829 1904 956 1946 celocem
970 1893 1058 1945 actius
1072 1895 1133 1947 est.
1146 1920 1188 1933 -
1199 1885 1246 1945 Ao
1260 1885 1367 1946 multis
1381 1885 1466 1947 unalis
1477 1883 1533 1944 alie·

213 1988 296 2039 ctus.
314 2004 354 2017 -
372 1974 453 2055 Quis
465 1974 587 2059 negat?
602 1979 659 2039 sed
673 1997 709 2038 ca
725 1977 805 2040 mela
822 1977 948 2041 virtualis
966 1977 1183 2061 magnitudine
1198 1980 1437 2041 obruebantur.
1476 2008 1484 2015 ·

299 2069 437 2131 ΧΧΧΙ.
463 2069 516 2133 93.
541 2071 595 2133 Au
618 2092 657 2133 ne
680 2072 744 2145 boc
766 2072 891 2155 quidem
915 2072 1139 2153 Peripateticis
1163 2072 1333 2146 concedis,
1374 2084 1408 2134 ut
1433 2072 1531 2143 dieaot,

213 2163 354 2226 omnium
382 2162 525 2227 virorum
552 2167 735 2240 bonorum,
766 2164 799 2227 id
821 2178 888 2242 est,
928 2166 1136 2249 sapientium,
1169 2167 1354 2230 omnibus¹¹
1389 2165 1534 2228 virtutibus

213 2268 421 2331 ornatorum,
456 2256 555 2320 vitam
584 2257 730 2321 omnibus
760 2259 904 2339 partibus
935 2260 1006 2342 plus
1036 2261 1157 2323 habere
1178 2282 1305 2342 semper
1326 2261 1426 2335 boni,
1461 2278 1554 2344 qtuan,

211 2350 313 2413 mali?
347 2351 428 2430 Quis
448 2352 513 2416 boc
535 2351 636 2415 dicit?
667 2388 701 2399 -
723 2352 850 2417 *Stoici
873 2353 1008 2417 scilicet.
1032 2382 1073 2395 -··
1097 2352 1232 2416 Minime
1245 2356 1288 2416 ¹²2
1324 2357 1383 2416 sed
1405 2354 1454 2416 isti
1472 2349 1532 2432 ipsi.

214 2445 271 2528 qui
294 2447 459 2527 voluptate
481 2458 513 2509 et
535 2447 650 2511 dolore
673 2446 784 2517 omnia¹
801 2447 993 2524 metiuntur,
1019 2469 1124 2511 nonne
1147 2448 1303 2523 clamant,
1327 2446 1462 2531 sapienti
1480 2445 1533 2526 plus

93 2554 121 2609 Q
213 2561 341 2622 semper
364 2543 494 2612 adesse,
530 2544 620 2626 quod
643 2544 739 2618 velit,
776 2564 872 2626 quam
893 2545 983 2626 quod
1006 2540 1111 2605 nolit?
1148 2541 1255 2621 Quum
1278 2552 1401 2604 tantum
1423 2535 1533 2624 igitor¹³

211 2631 247 2696 in
270 2633 386 2697 virttote
408 2647 528 2716 ponant
550 2637 583 2699 hi
592 2638 635 2713 ¹¹⁵,
669 2638 723 2721 qui
745 2659 780 2701 se
801 2637 944 2700 fatentur
966 2636 1092 2700 virtutis
1116 2656 1231 2711 cauma,
1264 2635 1325 2699 nisi
1347 2657 1387 2698 ea
1410 2635 1533 2712 volumu-

212 2737 279 2790 tem
301 2727 438 2804 acciret,
463 2742 507 2801 net
526 2752 649 2795 mantum
672 2731 801 2813 quidem
825 2752 978 2794 versuros
1000 2731 1119 2794 iuuisse:
1143 2731 1220 2814 quid
1239 2729 1351 2793 lacere
1374 2751 1435 2793 nos
1456 2743 1533 2807 opot-

211 2830 277 2897 tet,
311 2822 368 2907 qni
390 2822 534 2906 quamvis
570 2825 726 2888 minimam
748 2825 843 2889 animi
863 2826 1090 2907 praestantiam
1107 2824 1262 2889 omuibus
1289 2825 1385 2886 bonis
1407 2814 1532 2902 corporis

131 2906 133 2914 ’
214 2914 335 2978 anteire
359 2908 500 2978 dicamus
508 2919 545 2993 ¹⁵,
571 2930 607 2981 ut
628 2940 665 2982 ea
687 2940 727 2981 ne
749 2919 784 2982 in
805 2931 981 3001 conspeetu
1004 2919 1129 3003 quidem
1144 2918 1395 3000 relinquantur?
1417 2914 1481 3000 quis
1499 2919 1534 2972 esi

188 3009 353 3086 senine,
386 3012 440 3097 quui
461 3013 560 3075 hoc¹²
582 3017 696 3077 cadere
717 3013 750 3076 in
772 3012 948 3094 sapientem
971 3012 1077 3076 dicere
1099 3017 1229 3089 aerdeat,
1261 3025 1313 3090 nt,
1338 3014 1366 3076 si
1388 3011 1455 3074 fieri
1476 3027 1532 3089 pos·

148 3120 153 3128 '
211 3101 271 3178 sit,
306 3103 455 3183 uirttutem
487 3105 520 3179 in
552 3119 745 3190 perpetuum
774 3105 920 3182 abiiciat,
958 3118 993 3169 ut
1015 3107 1129 3170 dolore
1160 3108 1247 3171 omni
1269 3103 1449 3170 liberetur?
1481 3096 1532 3181 quii

212 3199 396 3260 nostrornm
420 3200 554 3278 dixerit,
581 3203 683 3285 (quos
699 3222 764 3266 non
783 3204 882 3284 pudet
905 3222 959 3276 ea,
985 3222 1066 3285 quoae
1082 3201 1312 3284 Stoiciaspera
1328 3200 1454 3272 dicunt,
1469 3192 1532 3256 mals

122 3344 131 3360 .,
213 3290 358 3372 dicere,)
391 3294 502 3358 melius
526 3316 614 3371 esse,
646 3297 782 3379 tturpiter
806 3296 925 3381 aliquid
945 3296 1051 3359 facere
1076 3317 1145 3358 cum
1169 3297 1354 3378 voluptate,
1381 3314 1469 3375 quam
1488 3290 1532 3348 bb·

211 3398 302 3449 nes'te
325 3409 396 3450 cum
417 3388 557 3459 dolore?
591 3390 644 3453 bl.
677 3391 781 3455 Nobis
810 3390 1022 3454 Heracleotes
1044 3380 1097 3453 ille
1120 3390 1296 3470 Dionysius
1318 3387 1473 3474 flagitiose
1492 3384 1532 3442 dt·

129 3546 135 3555 ¹
211 3479 345 3543 scivisse
376 3482 505 3551 videtur
527 3505 544 3546 a
568 3484 684 3548 Stoicis
706 3498 842 3567 propter
865 3487 1032 3549 oculorum
1042 3486 1069 3526 ¹⁹
1099 3487 1258 3550 dolorem.
1316 3482 1417 3565 Quasi
1439 3474 1532 3543 vero²⁰

146 3570 153 3611 ἕ
210 3573 276 3637 hoc
297 3576 458 3640 didicisset
477 3600 495 3639 a
515 3580 673 3654 Zenone,
693 3599 758 3643 non
774 3580 906 3652 dolere,
931 3600 1027 3664 quum
1052 3578 1302 3642 deterunlttud
1317 3578 1468 3647 audierat,
1489 3587 1532 3630 rtet

210 3677 319 3731 tamen
341 3670 518 3747 didicerat,
544 3673 659 3735 malum
681 3671 761 3736 illud
783 3696 847 3737 non
870 3694 952 3748 esse,
978 3673 1051 3756 quia
1067 3684 1162 3756 turpe
1179 3695 1243 3736 non
1259 3683 1360 3749 esset,
1387 3682 1419 3733 et
1436 3663 1530 3732 esset²¹

182 3760 379 3843 „serendum
404 3764 488 3828 viro.
543 3766 608 3829 Hic
629 3765 655 3828 si
678 3766 914 3849 Peripateticus
935 3766 1070 3844 fuisset,
1103 3767 1347 3849 permansisset,
1380 3754 1531 3834 credo‚in

210 3856 388 3937 sententia,
411 3859 559 3943 quoniam
569 3862 596 3900 ²²
619 3860 765 3924 dolorem
789 3861 899 3924 Moruni
920 3862 1037 3924 malum
1061 3883 1143 3924 esse.
1186 3863 1238 3925 De
1261 3859 1432 3942 asperitate
1447 3863 1530 3917 autem

990 3963 1530 3997 W

288 4027 325 4104 (¹)
351 4061 390 4074 -
414 4033 521 4103 reliqua
548 4033 583 4087 G.
613 4051 688 4106 susp.
740 4036 776 4100 (²)
804 4050 868 4086 cnm
898 4033 966 4085 Cdd.
989 4036 1019 4086 P.
1040 4032 1081 4086 M.
1103 4033 1135 4085 L.
1156 4032 1192 4085 D.
1214 4030 1284 4083 Lati.
1306 4031 1341 4085 G.
1362 4036 1390 4083 2.
1409 4051 1443 4067 ··
1460 4026 1530 4091 1ng

113 4124 118 4151 o
210 4114 307 4158 cetera
326 4109 371 4160 Cr.
392 4109 424 4161 V.
445 4108 527 4162 Grnt.
549 4117 575 4165 1.
628 4108 665 4183 (3)
687 4126 751 4162 cum
772 4109 843 4163 cdd.
864 4112 893 4162 P.
914 4112 948 4164 V.
967 4111 1002 4162 D.
1023 4108 1058 4162 G.
1080 4114 1107 4162 2.
1125 4136 1165 4151 1----
1184 4116 1252 4158 siae
1270 4107 1312 4158 M.
1333 4106 1366 4157 L.
1390 4113 1414 4160 1.
1454 4097 1488 4169 (¹⁹)
1504 4112 1530 4135 '³

207 4188 407 4256 potiusquam
427 4184 534 4254 aliquid
551 4184 679 4259 (aliquod
696 4187 741 4251 L.)
761 4204 865 4238 novum
884 4185 916 4239 L.
936 4188 970 4239 D.
989 4183 1070 4257 prob.
1091 4185 1158 4237 Era.
1174 4200 1179 4225 2
1193 4181 1231 4256 (⁵)
1251 4183 1325 4254 spir.
1344 4179 1401 4232 Eri.
1423 4175 1467 4230 Cd.
1485 4172 1528 4224 ΜΟ·

199 4263 349 4328 ·-e'gitur
362 4262 463 4312 Ceteri.
484 4257 521 4326 (⁶)
538 4290 577 4302 -
596 4266 689 4313 tristis
702 4264 748 4315 Cr.
768 4262 801 4316 V.
820 4261 890 4336 (non
900 4263 945 4332 P.)
972 4261 1009 4327 (⁷)
1024 4277 1088 4312 euni
1110 4257 1301 4332 Splr.Erl.G.
1317 4260 1394 4313 2.-
1412 4244 1529 4324 appellari
1574 4260 1575 4319 j

208 4334 315 4388 Ceteri.
364 4333 402 4408 (1)
422 4335 578 4391 cumCdd.
600 4339 629 4390 P.
651 4337 691 4389 ln.
714 4339 759 4391 Cr.
779 4338 814 4393 G.
837 4342 864 4391 2.
884 4340 971 4386 -in
989 4354 1068 4387 mars
1094 4336 1126 4389 V.
1148 4334 1197 4407 M„
1211 4335 1242 4385 L.
1264 4335 1298 4386 D.
1321 4345 1346 4388 1.
1368 4336 1417 4399 (·-
1433 4324 1546 4405 subiecit,x

209 4408 258 4475 V.)
297 4407 334 4477 (9)
368 4409 401 4463 de
427 4412 546 4464 Victorii
580 4411 690 4465 emend.
721 4412 753 4465 L.
784 4412 866 4484 Seqq.
886 4439 923 4454 -
942 4410 1051 4479 Oronte
1071 4409 1141 4464 cdd.
1162 4413 1193 4464 P.
1213 4410 1262 4462 Cr.
1281 4408 1314 4460 V.
1335 4409 1378 4462 M.
1417 4399 1462 4473 (1⁰)
1478 4409 1526 4448 ⁰⁰⁰¹

210 4484 282 4539 cau.
304 4490 347 4540 iu:
365 4487 398 4540 u.
420 4487 462 4540 ot.
482 4487 518 4540 n.
539 4487 619 4561 seqq.
639 4507 678 4540 =
696 4489 787 4545 nero.-
804 4491 835 4542 a.
855 4489 889 4541 L.
928 4484 980 4559 (¹1)
999 4503 1064 4539 eum
1084 4486 1158 4558 spu.
1178 4483 1236 4538 aa.
1257 4487 1293 4539 o.
1315 4489 1340 4540 a
1361 4473 1527 4532 -mmibe-

210 4580 261 4633 (μισ
282 4557 393 4615 Ceteri.
424 4558 475 4635 (¹2)
495 4562 543 4616 stc
564 4564 594 4617 L.
620 4560 651 4618 Ε.
671 4563 742 4616 Lall.
763 4566 798 4618 G.
820 4569 847 4619 2.
867 4592 905 4605 -
924 4563 1026 4614 Stoicis
1045 4562 1132 4613 ticet?
1151 4562 1273 4612 Minime
1293 4560 1395 4612 Ceteri.
1415 4553 1464 4621 (Μ.
1481 4553 1527 4599 iuo-

211 4641 268 4710 git:
296 4640 401 4690 Stoicis
420 4638 486 4690 lieet
515 4643 647 4706 minione,
668 4653 699 4693 ut
718 4636 828 4692 uolebat
854 4634 982 4711 Nissen.)
1034 4635 1141 4709 (11)-
1159 4653 1216 4688 om.
1237 4641 1334 4704 igitur»
1348 4631 1415 4685 Cdd·
1434 4627 1487 4694 aliq.
1502 4619 1526 4668 i.
1574 4670 1575 4695 o

209 4712 264 4781 (11)
289 4729 329 4771 ee
352 4718 374 4764 a·
403 4714 445 4766 M.
473 4713 506 4766 u.
533 4713 569 4767 n.
591 4722 617 4772 1.
658 4712 717 4788 (1⁶)
743 4744 780 4758 -
804 4715 921 4766 arcem...
942 4714 973 4766 L.
1012 4712 1064 4779 (1⁶)
1084 4710 1240 4765 iuncea.
1261 4712 1297 4765 G.
1318 4697 1526 4766 e..=ee·1net
1574 4698 1575 4733 1

118 4854 123 4858 ⁸
209 4774 313 4843 Ceteri.
362 4787 413 4861 (17)
448 4804 513 4849 eum
540 4768 609 4843 ddd.
636 4791 670 4846 D.
700 4791 784 4861 Seqq.
815 4819 851 4833 -
881 4786 949 4841 leaeo
973 4790 1092 4842 Priores.
1144 4786 1254 4853 (11)-
1272 4785 1396 4838 vestiam
1414 4782 1442 4832 l.
1460 4772 1523 4828 61111·

117 4898 119 4911 .
208 4864 262 4938 (19)
282 4892 319 4906 -
339 4875 414 4933 geren
433 4863 484 4918 Cel.
504 4865 566 4927 Mn.
585 4865 704 4919 Volebat
722 4881 760 4919 oe
778 4882 889 4929 renum,
919 4880 951 4917 ut
970 4879 1012 4918 est
1032 4863 1114 4918 Taso.
1136 4864 1223 4928 2‚,C.
1242 4865 1290 4918 Pl·
1329 4859 1379 4934 (2⁰)
1398 4871 1455 4910 11111
1472 4840 1524 4900 cdd·

208 4939 242 4992 L.
272 4936 341 4991 Ldll.
371 4947 396 4995 1.
423 4939 464 4993 G.
488 4942 515 4994 2.
535 4968 572 4982 -
591 4947 741 5010 quaisneto
761 4942 791 4996 P.
812 4941 843 4992 V.
864 4941 906 4993 M.
928 4942 963 4993 D.
983 4947 1034 5004 (-
1053 4939 1190 5010 quivero
1208 4942 1244 4994 D.
1263 4934 1353 5010 susp.)
1399 4933 1446 5000 (²¹)
1463 4922 1528 4970 “⁶'‘

209 5031 270 5064 esse
290 5009 323 5068 de
345 5015 423 5067 Man.
443 5026 520 5087 susp.
540 5014 612 5072 Lall.
626 5017 699 5071 Eun.
722 5027 747 5074 1.
788 5016 839 5089 (²²)
858 5019 961 5086 -quei
980 5013 1053 5088 Spir.
1074 5013 1131 5068 Erl.
