3252 5490
212 364 276 467 sia
316 358 318 375 '
431 397 495 477 nu
518 394 706 467 rturnus
728 392 968 463 nououuu
990 392 1054 505 ua
1074 390 1324 461 uunouuu

214 553 284 617 est3
313 540 370 627 qui
391 538 467 623 nihil
491 537 669 623 affirmant,
692 548 746 613 et,
771 532 1053 620 qnaal‘despernta
1074 534 1261 620 cognitione
1280 534 1379 614 oet-ti,
1404 528 1570 624 tumqui'

212 638 345 711 volunt,
370 635 582 718 quodcunque
600 632 670 696 reri
692 630 794 696 simile
820 629 979 694 videatur.
1024 631 1078 693 ll.
1094 628 1176 714 Cum
1203 630 1349 716 Epicuro
1364 645 1477 697 autem·
1490 636 1550 698 hoo

100 744 102 751 ⁴
172 784 178 794 .
214 743 263 795 est
288 726 546 813 plun¹.negotii,
582 729 670 812 quod
695 728 733 793 e²
765 723 884 807 duplici
911 746 1031 809 genere
1059 728 1237 810 voluptatis
1261 728 1455 792 coniunctus
1481 740 1549 792 est:

109 847 111 851 ’
215 827 367 911 quodque
389 822 534 905 etipse,
559 833 592 887 et
612 819 703 884 amici
729 821 818 898 eius,
843 830 875 884 et
899 819 1144 903 multimeter,
1176 821 1366 886 defensores
1389 821 1459 886 eius
1483 844 1551 885 sen-

213 919 332 984 tentiae
362 916 515 981 fuerumt:
553 926 585 979 et
618 913 728 979 nescio
763 916 927 999 quomodo
970 913 1017 992 is,
1056 916 1110 1000 qui
1140 918 1361 981 auctoritatem
1396 916 1553 980 minimam

213 1015 330 1089 habet,
353 1011 518 1074 maximam
537 1007 621 1086 vim,
645 1009 786 1092 populns
801 1032 873 1073 oum
893 1009 977 1073 illia³
994 1008 1083 1072 facit.
1108 1010 1200 1092 Quos
1219 1010 1278 1073 nisi
1297 1011 1551 1094 redarguimus&

150 1120 154 1127 “
216 1106 320 1173 omnis
346 1106 472 1180 virtus,
497 1122 590 1171 omne
612 1107 729 1180 decus,
761 1104 863 1169 omnis
890 1105 1061 1169 verulana
1087 1107 1260 1168 deserenda
1285 1116 1346 1189 eat.
1391 1105 1444 1168 Ita
1468 1117 1553 1167 cete-
1593 1124 1599 1133 ’

155 1198 159 1221 ¹
215 1223 325 1267 rorum
349 1197 514 1265 sententiis.
539 1199 688 1276 semotis,
722 1198 936 1285 relinquitur,
972 1220 1037 1263 nou
1064 1198 1140 1262 mihi
1166 1221 1238 1263 eum
1266 1203 1464 1284 Torquato,
1503 1202 1554 1262 sed

216 1294 330 1360 virtuti
354 1309 425 1358 oram
444 1293 623 1376 ‚uoluptate
652 1293 802 1357 certatio.
861 1294 964 1376 Quam
997 1292 1124 1378 quidem
1157 1292 1365 1356 certationem
1397 1295 1501 1358 homo
1527 1305 1556 1356 et

218 1402 350 1466 acutus,
375 1400 407 1451 et
433 1387 604 1472 diligena,*
621 1386 855 1479 chrysippus,
879 1409 945 1452 non
971 1387 1163 1462 contemnit;
1197 1397 1365 1470 totumque
1387 1387 1555 1452 discrimen

216 1483 329 1551 summi
350 1483 428 1547 boni
452 1482 486 1545 in
512 1485 620 1555 eadem
644 1482 883 1563 comparatione
909 1482 1071 1565 positum⁵
1094 1494 1198 1564 putat.
1258 1484 1335 1567 Ego
1359 1493 1468 1545 autem
1492 1484 1556 1547 exi·

130 1616 137 1629 ›
174 1660 177 1667 ,
216 1579 331 1655 ntimo,
369 1577 395 1639 si
420 1578 591 1640 honestum
621 1574 742 1660 aliquid
764 1576 856 1638 esse⁶
895 1568 1090 1652 ostendeio,
1125 1579 1214 1661 quod
1242 1576 1285 1638 eit
1309 1577 1414 1659 ipsum
1446 1578 1481 1640 vi
1505 1600 1557 1653 stu

216 1683 354 1755 propter
375 1671 493 1754 seque⁷
517 1671 753 1753 expetendum,
787 1662 893 1733 i'acore
916 1681 1025 1732 vestra
1047 1670 1166 1734 omnia.
1227 1671 1342 1754 Itaque
1368 1693 1429 1749 eo,
1465 1662 1558 1758 ¹quale

217 1767 277 1841 ait,
301 1766 465 1840 breviter,
488 1775 524 1828 ut
547 1775 670 1847 tempus
692 1764 856 1845 postulat,
881 1763 1077 1839 constituto,
1102 1766 1248 1826 accedam
1273 1768 1443 1829 adomnia
1467 1769 1557 1841 viat,

55 1912 57 1925 .
124 1906 130 1919 .
161 1860 182 1917 f
219 1863 407 1943 Torquate;
430 1858 490 1923 nisi
512 1858 667 1923 memoria
688 1859 776 1922 forte
799 1855 988 1920 defecerit⁹.
1047 1857 1100 1920 to.
1125 1859 1307 1921 Honestum
1331 1860 1431 1944 igitur
1458 1860 1492 1923 id
1514 1861 1559 1922 in·

216 1953 409 2039 telligimus,
430 1956 522 2038 quod
547 1954 610 2017 tale
638 1963 705 2028 est,
730 1962 767 2015 ut
790 1953 931 2014 detracta
955 1951 1041 2015 omni
1066 1951 1220 2028 utilitate,
1244 1953 1311 2015 sine
1331 1954 1440 2017 ullis¹⁰
1462 1976 1557 2035 prae·

216 2046 305 2125 auiis,
329 2048 575 2124 fructibusvefl,
598 2069 659 2129 per
681 2046 840 2129 seipsum
862 2043 965 2126 possit
986 2045 1055 2109 iure
1079 2046 1217 2109 laudari.
1264 2047 1361 2129 Quod
1382 2050 1486 2134 quale
1497 2050 1559 2124 sit,

217 2165 283 2207 non
306 2152 370 2205 tam
393 2142 601 2217 definitione,
635 2163 699 2225 qua
725 2163 793 2203 sum
819 2160 914 2219 tisias,
948 2134 1084 2225 intelligi
1109 2151 1237 2222 potest,
1274 2144 1482 2228 (quamquam
1508 2142 1561 2206 ali-

220 2249 372 2320 quantum
390 2238 551 2318 quotenus)
581 2257 677 2321 qnam
706 2233 866 2330 communi
893 2233 1032 2298 omnium
1059 2235 1179 2299 iudicio
1208 2247 1241 2297 et
1266 2235 1379 2318 optimi
1408 2239 1559 2322 cuiusque

113 2397 114 2400 ,
167 2358 173 2370 1
219 2332 332 2395 studiis
345 2343 449 2415 atque
470 2329 583 2394 factis:
607 2330 664 2416 qui
685 2328 843 2413 permulta
862 2331 906 2395 ob
929 2349 997 2392 earn
1015 2350 1147 2397 narratam
1170 2333 1299 2392 unam¹²
1319 2331 1461 2409 faciunt,
1489 2334 1559 2417 quia

221 2421 331 2505 decet,
355 2425 429 2510 quia
450 2437 593 2502 rectum,
618 2422 690 2508 quia
710 2424 879 2487 honestum
898 2434 964 2498 est;
989 2423 1048 2486 etsi
1066 2423 1184 2487 nullum
1204 2438 1453 2490 consecuturum
1474 2449 1559 2498 emo·

221 2520 394 2582 ilementum
411 2519 539 2583 uident.
594 2516 750 2582 Homines
773 2516 874 2592 enim,
908 2517 969 2579 etsi
994 2518 1062 2581 aliis
1085 2518 1248 2595 multisss,
1279 2531 1392 2593 tamone
1407 2518 1474 2584 hoe
1497 2528 1559 2584 uno

224 2614 373 2680 abrutin
395 2612 568 2696 plurimum
591 2613 763 2687 differunt,
798 2613 886 2693 quod
907 2611 1063 2676 nationem
1084 2614 1238 2675 liabent14
1260 2634 1279 2675 a
1300 2614 1413 2677 natura
1436 2619 1557 2693 datam,

223 2721 423 2792 mentemque
433 2709 463 2763 ¹⁵.
482 2720 513 2770 et
537 2728 667 2781 aerem,
693 2716 725 2767 et
747 2704 928 2789 rigentem,
953 2706 1181 2792 celerrimeque
1203 2707 1300 2768 mnnita
1322 2708 1415 2771 simul
1437 2711 1560 2795 agitan-

131 2818 133 2825 ‘
222 2814 310 2879 tem,
336 2815 388 2878 et,
413 2815 446 2865 ut
468 2803 511 2865 ita
535 2801 635 2864 diuam
651 2844 670 2874 „
686 2820 832 2885 sagacem
841 2801 880 2874 11,
904 2822 985 2883 quae
1007 2812 1039 2864 et
1061 2822 1172 2863 eniteas
1197 2820 1324 2878 rerum,
1349 2814 1383 2866 et
1405 2825 1560 2869 consecu-

223 2897 329 2959 tiones
350 2897 475 2974 videat,
501 2907 531 2959 et
551 2893 767 2957 similitudines
790 2895 979 2968 transferat,
1006 2905 1036 2958 et
1053 2893 1206 2959 disiuncta
1223 2895 1417 2981 coniungn,
1443 2909 1560 2961 etcum

224 2990 445 3073 praesentibus
467 2991 573 3053 sutiam
593 2988 745 3070 copulet,
769 3008 959 3073 omnemque
977 2983 1209 3069 complantatur
1229 2989 1313 3052 vitae
1334 2988 1560 3074 consequentis

225 3099 354 3153 etatum.
398 3089 584 3169 Eademque
599 3085 683 3147 ratio
699 3083 810 3147 fecit¹⁷
825 3082 985 3145 homiuem
1001 3082 1163 3146 hominum
1179 3094 1399 3164 appetentem,
1424 3105 1559 3179 cumque

224 3180 274 3245 his
296 3193 407 3245 natura
428 3193 460 3244 et
480 3186 627 3247 sermone
650 3190 682 3242 et
701 3200 760 3269 usp
781 3188 1028 3260 congruentem,
1053 3187 1098 3252 ut,
1123 3177 1326 3260 profectusa
1349 3178 1484 3242 caritate
1505 3183 1560 3243 do·

225 3276 431 3340 mestioorum
453 3295 494 3337 ao
508 3289 659 3349 suorum,
683 3272 825 3354 serpat²⁸
848 3271 995 3357 longius,
1020 3283 1053 3334 et
1070 3292 1104 3334 se
1123 3271 1414 3355 implieetprimum
1430 3275 1559 3350 civium,

200 3429 203 3437 .
225 3367 341 3432 deinde
359 3368 500 3433 omnium
523 3366 702 3431 mortalium
711 3365 739 3407 ¹⁹
758 3363 911 3428 societate
921 3365 966 3425 ²⁰:
992 3376 1105 3451 atque,
1130 3378 1165 3428 ut
1180 3369 1219 3429 ad
1236 3367 1414 3448 Archytam
1433 3369 1560 3452 scripsit

225 3465 333 3540 Plato,
348 3483 435 3538 „non
452 3462 514 3525 sibi
528 3482 563 3524 se
573 3460 638 3524 soli
654 3471 760 3522 natum
776 3458 961 3535 meminerit,
977 3461 1032 3521 sed
1046 3460 1181 3542 patriae,
1196 3463 1412 3537 sed²1suis;”
1437 3475 1474 3527 ut
1489 3482 1561 3547 per-

226 3558 344 3643 exigua
362 3579 437 3640 pars
452 3555 514 3639 ipsi
534 3554 754 3637 relinquatur..
793 3553 852 3616 lo.
872 3553 916 3616 Et
939 3553 1088 3639 qnoniam
1104 3549 1214 3619 endem
1228 3568 1340 3619 natura
1356 3557 1560 3640 carpiditatem

299 3762 337 3842 (1)
356 3787 395 3822 ::.··
410 3765 476 3836 plus
494 3771 537 3814 est
555 3765 589 3816 V.
627 3766 665 3829 ()
683 3784 721 3818 =
740 3779 777 3812 aa·
795 3762 826 3814 P.
846 3761 888 3814 M.
910 3761 940 3814 t..
978 3762 1016 3829 (1)
1034 3781 1073 3816 =
1091 3780 1152 3815 eum
1171 3764 1228 3819 tltts
1243 3765 1364 3837 populus·
1383 3768 1415 3819 V.-
1436 3768 1489 3832 (-
1501 3783 1559 3817 cum

226 3843 285 3894 illts'
304 3842 416 3914 populis
442 3841 483 3892 Iu.
509 3841 567 3904 Cr.)
616 3836 654 3911 (1)
681 3855 696 3889 e
722 3835 791 3892 cdd.
818 3835 855 3890 G.
881 3843 908 3893 2.
934 3864 970 3880 -
990 3843 1137 3907 arguimus
1155 3841 1187 3893 P.
1207 3842 1320 3894 Ceterae
1340 3856 1417 3894 meae
1439 3842 1559 3899 antec.

226 3916 264 3992 (5)
285 3946 322 3963 ·-
341 3923 370 3967 r'n
396 3933 457 3966 eam
485 3931 579 3964 rerum
604 3917 842 3985 comparationem
863 3929 925 3983 pos.
961 3913 1068 3968 Nonius
1094 3914 1165 3967 Aldt
1190 3919 1218 3968 in
1244 3935 1268 3969 v.
1292 3917 1453 3971 discrimen.
1473 3946 1514 3960 -
1531 3921 1559 3967 iu
1615 3979 1616 3982 Ἴ

226 3991 323 4044 eadem
349 4006 444 4051 rerum
462 3992 671 4067 comparatione
686 4007 716 4059 p.
748 3988 857 4041 Nonius
877 3987 1016 4039 Mercari*
1043 4029 1050 4044 .
1071 3995 1135 4050 282.
1157 3990 1292 4045 Moreliut
1313 3995 1341 4044 in
1361 3989 1507 4046 lemmate.
1525 4019 1558 4037 .-
1614 3990 1615 3995 ’

226 4073 256 4120 in
276 4086 373 4120 earum
392 4083 487 4118 rerum
505 4082 591 4135 comp.
609 4084 639 4136 p.
659 4062 736 4118 Med.
758 4066 873 4117 uastati.
894 4067 955 4134 ipso
975 4008 1054 4136 proi).
1075 4070 1127 4132 (-
1144 4083 1241 4118 aarum
1259 4072 1461 4139 compositione
1473 4067 1557 4129 021.)

226 4142 265 4218 (11)
290 4160 305 4195 e
331 4141 400 4197 Cdd.
426 4143 461 4195 G.
489 4146 513 4193 2.
534 4169 572 4183 --
591 4156 647 4192 om.
668 4157 728 4189 esse
747 4137 850 4193 Ceteri.
898 4137 936 4205 (⁷)
958 4148 1180 4289 -propterque
1198 4159 1228 4192 se
1247 4143 1288 4196 M.
1310 4145 1339 4195 L.
1389 4142 1428 4211 (1)
1448 4162 1483 4194 ex
1502 4142 1558 4196 Eri.
1600 4209 1609 4215 -

995 4213 1008 4254 9

226 4222 300 4290 ὃρίτ.
320 4219 355 4273 G.
374 4247 413 4261 -
431 4214 483 4267 tuti
500 4214 633 4269 virifich.
654 4220 681 4270 2.
699 4242 739 4257 -·
757 4221 808 4265 tua
828 4214 931 4266 Ceteri.
965 4222 994 4280 ν(
1049 4234 1063 4281 e
1085 4213 1157 4269 edd.
1176 4204 1265 4270 Grai)
1279 4219 1361 4290 seqq.
1380 4246 1420 4263 -
1438 4223 1496 4269 nini
1514 4217 1557 4269 ubi

93 4284 96 4291 ¹
131 4336 134 4345 .
225 4310 306 4346 nferre.
323 4288 357 4364 s.
381 4294 409 4346 d.
434 4296 494 4345 sine
520 4289 649 4363 interpol.
676 4286 807 4343 Cd.'Mo.
828 4318 864 4330 -
883 4288 1027 4366 ubimem.
1038 4289 1072 4363 f.
1093 4288 1169 4361 defi,
1190 4300 1267 4345 tuum
1287 4302 1345 4359 ast,
1366 4302 1398 4345 ut
1415 4309 1558 4363 suggeras

225 4369 367 4423 P.-·=ubi
384 4374 410 4420 si
430 4365 485 4442 (me
503 4363 564 4419 add.
585 4366 627 4418 M.
640 4364 685 4437 1..)
707 4381 787 4416 mem.
799 4360 838 4433 f.
854 4361 934 4434 defi,
955 4373 1033 4417 turam
1052 4375 1111 4432 est,
1131 4375 1163 4418 ut
1180 4385 1323 4437 suggeras
1342 4369 1389 4422 Cr.
1410 4370 1508 4426 VM,
1527 4371 1556 4423 L,

225 4444 277 4512 (¹⁰)
295 4472 333 4491 .-
351 4447 409 4498 tlls's
427 4443 491 4497 Sch.
513 4449 539 4498 2.
560 4460 612 4494 err.
633 4455 741 4513 typogr.
792 4439 843 4510 (11)
869 4438 916 4491 Sic
942 4438 1010 4496 cdd.
1030 4443 1120 4497 multi.
1140 4443 1171 4496 P.
1191 4446 1238 4498 Cr.
1258 4444 1291 4497 V.
1312 4445 1395 4499 Grnt.
1416 4444 1461 4499 G:
1475 4449 1503 4500 2.
1522 4473 1556 4487 -

216 4516 417 4593 fluctibusque
437 4518 479 4571 Μ.
500 4518 531 4571 L·
552 4519 586 4577 D·
610 4524 635 4573 l·
656 4519 701 4568 Bt·
753 4510 803 4592 (¹²)
829 4529 895 4566 oum
915 4513 985 4584 Cdd.
1004 4518 1036 4571 Ρ.
1057 4518 1093 4572 G.
1112 4523 1131 4574 2
1159 4539 1198 4575 Ξ
1216 4536 1300 4571 unam
1319 4538 1435 4572 causam
1454 4524 1557 4576 Ceteri.

224 4594 276 4664 (11)
297 4596 344 4650 Sic
363 4599 445 4653 Grut.
465 4593 545 4664 Seqq.
564 4588 602 4647 ε’
620 4590 716 4641 mactata
732 4589 771 4642 al.
790 4591 891 4643 Ceteri.
942 4588 993 4664 (11)
1019 4611 1034 4645 e
1060 4591 1130 4646 edd.
1151 4592 1187 4647 G.
1208 4600 1235 4649 2.
1254 4623 1293 4636 —
1311 4594 1555 4650 lausannensem

150 4720 151 4726 ,
225 4672 276 4740 (15)
301 4673 348 4725 Sic
373 4676 406 4726 V.
432 4670 514 4724 Grut.
540 4666 623 4739 Seqq.
648 4693 687 4706 -—
711 4680 739 4715 a.
756 4672 864 4715 natura
889 4671 976 4717 merati
1000 4667 1105 4735 datam.
1118 4670 1150 4722 P.
1169 4698 1206 4715 -
1224 4688 1242 4720 o
1261 4680 1367 4722 matina
1386 4681 1556 4742 memoratque

224 4747 323 4799 datam
349 4749 389 4802 M.
415 4750 447 4800 L.
495 4743 546 4814 (1⁶)
565 4772 604 4785 -
621 4749 786 4807 satagerem
806 4740 967 4797 Marklandi
987 4749 1059 4798 mire
1084 4762 1160 4817 susp.
1190 4744 1259 4820 (17)
1279 4746 1326 4799 Sic
1348 4745 1424 4803 cdd..
1439 4748 1507 4819 aliq.
1526 4748 1554 4800 P.

225 4825 317 4880 Grut..
328 4830 354 4881 1.
375 4824 411 4876 G.
430 4836 472 4875 eto·
479 4818 563 4892 facit
581 4819 627 4870 Cr.
645 4818 678 4871 V.
699 4816 741 4868 M.
754 4816 792 4867 rL.
811 4818 848 4868 D.
868 4818 914 4870 Br.
935 4822 960 4872 2.
981 4833 1051 4872 oum·
1066 4817 1135 4875 cdd.
1156 4819 1220 4892 aliq.
1269 4822 1320 4891 (18)
1349 4822 1454 4878 ecdd,
1474 4823 1555 4877 (ἕως,

225 4902 304 4969 Seqq.
329 4927 359 4940 -
380 4904 480 4949 currat
504 4897 624 4948 Priores.
672 4886 723 4967 (19)
747 4919 785 4934 -
804 4900 889 4944 mort.
911 4910 985 4948 omn.
1005 4895 1042 4949 G.
1063 4896 1137 4950 aolus
1157 4901 1252 4949 macto
1273 4916 1327 4971 quo
1347 4917 1400 4951 m·
1450 4899 1501 4968 ρο)
1518 4912 1554 4951 ω

223 4981 355 5027 aoctetatt
373 4972 441 5028 Cdd.
462 4969 525 5046 aliq.
545 4970 577 5024 P.
598 4967 629 5021 Ι.
668 4966 718 5033 (11)
737 4966 873 5020 -.ετ,Ι..
903 4969 998 5023 Paullo
1018 4985 1209 5024 antu—non
1219 4971 1273 5023 sibi
1286 4991 1315 5025 se
1324 4975 1414 5026 solum
1425 4971 1518 5037 Guell.
