3226 5488
600 401 900 469 ACADEMICA.
1350 409 1413 476 989

85 564 167 629 ergo
189 536 383 624 uduornic
403 538 512 634 ὁριιάς
533 533 621 610 εἶναι
638 545 920 628 συγκαταθέσεις,
959 541 1078 621 idest,
1113 567 1222 611 omues
1244 548 1414 632 appetitio·
1462 592 1464 601 =

86 636 143 700 nes
165 658 234 700 esse
256 640 521 721 approbationes.
579 638 654 705 Fuit
681 638 789 725 itaque
819 639 884 702 hoc
907 638 1092 705 Stoicorum
1115 643 1266 707 adversus
1288 645 1414 711 Acade·

85 731 185 794 micos
207 732 455 814 disputationum
477 732 682 815 praecipuum
705 743 941 817 argumentum.
985 735 1218 799 Plutarchus1:
1253 737 1324 803 Καὶ
1349 734 1415 825 μὴν

86 824 121 890 ἐν
140 830 208 902 τοῖς
227 821 310 935 πρὸς
326 823 404 907 τοὺς
420 821 687 912 ἰΑκαὸιμαιιούς
713 822 837 913 ἀγῶσιν
858 820 877 892 ὁ
898 830 1050 905 πλεῖστος
1067 823 1157 938 αὐτῷ
1172 852 1205 895 τι
1230 832 1414 942 Χμιισιίιπιι
1464 886 1467 897 .
1503 898 1506 903 Δ
1606 864 1607 869 ’

85 921 143 983 aue
154 911 362 1032 'Arntndspp
380 914 481 998 πόνος
502 925 613 1007 μέμονε
630 925 704 1010 περὶ
726 921 787 986 τοῦ
805 916 887 1037 μήτε
907 916 1064 1031 πράττειν
1083 916 1164 1007 μήτε
1186 917 1305 1035 ὁρμᾶν
1311 921 1414 1012 ἀσιγ-
1467 986 1476 1010 ,

85 1015 305 1123 καταῦζέτιις,
328 1010 415 1080 etto}
434 1010 616 1098 πλάσματα
638 1018 693 1101 At'y
686 1038 741 1081 ειν
766 1019 821 1079 καὶ
843 1011 938 1092 κενὰς
965 1011 1161 1097 ὑποθέσεις,
1184 1013 1262 1094 τοὺς
1285 1013 1413 1099 ἀξιοῦν-

85 1129 148 1182 τας
168 1100 289 1184 οἰκείας
309 1110 498 1198 φαντασίας
513 1111 686 1193 γενομένης
707 1103 851 1186 εὐθὺς
835 1109 942 1198 ορμᾶν
961 1136 1007 1195 μη
994 1105 1237 1190 εὶξαντας’
1192 1136 1274 1197 pnes
1291 1124 1414 1198 σἰιγιια-

87 1203 267 1285 θεμένοις,
288 1200 320 1264 id
341 1215 410 1265 est.
434 1201 565 1286 Atqui
557 1223 588 1265 m
608 1202 833 1267 certaminibus
855 1204 1006 1266 adversus
1023 1202 1236 1270 Academicos
1257 1207 1411 1288 plurimus

86 1304 119 1356 et
139 1293 353 1377 Chrysippo
345 1293 406 1376 ipsi
428 1307 460 1358 et
481 1295 655 1378 Antipatro
677 1297 771 1359 labor
793 1306 825 1357 et
847 1308 982 1358 conatus
1005 1298 1043 1358 dc
1066 1317 1106 1360 eo
1128 1297 1207 1372 fuit,
1246 1311 1281 1361 ut
1303 1312 1412 1365 osten·

86 1390 219 1464 decent,
251 1409 310 1451 nec
331 1409 427 1474 agere
449 1388 619 1474 quidquam
641 1410 699 1452 uec
722 1401 875 1471 appetere
897 1388 1075 1482 quempiam
1099 1390 1178 1453 citra
1199 1394 1413 1461 assensionem

82 1502 204 1564 posse:
239 1484 295 1545 sed
316 1483 467 1568 figmenta
489 1495 520 1546 et
543 1505 639 1546 vanas
662 1482 837 1565 positiones
860 1482 965 1546 dicere
987 1504 1044 1546 eos
1067 1483 1122 1567 qui
1139 1482 1277 1562 uolunt,
1302 1487 1411 1555 oblata

82 1576 248 1658 phantasia
262 1576 309 1639 rei
320 1578 361 1640 ad
373 1590 517 1640 uatiuam
532 1580 790 1642 accommodatae
804 1575 954 1661 protinus
973 1588 1124 1659 appetere
1139 1600 1197 1642 nos
1210 1600 1275 1642 non
1296 1583 1412 1644 ceden-
1441 1658 1444 1667 ,

84 1680 134 1732 tes
154 1692 256 1755 neque
278 1675 506 1754 approbantes.
551 1674 670 1734 Taurea
690 1683 766 1754 post
781 1674 876 1735 multa
898 1681 1015 1734 tentata
1039 1673 1253 1736 machinarum
1276 1682 1407 1758 genera,

83 1764 242 1847 rntrltaque
275 1767 445 1831 certamina
479 1766 572 1829 anxie
602 1768 777 1838 decertata,
816 1763 895 1825 nihil
928 1766 1052 1837 taudem
1076 1767 1116 1827 ab
1139 1766 1412 1853 Stoicisaliisque

84 1857 289 1941 philosophis
312 1872 414 1929 actum
438 1861 518 1923 idem
535 1856 752 1924 Plutarchus²
775 1857 904 1933 scribit,
928 1859 984 1919 se'd
999 1857 1122 1922 firmam
1138 1860 1241 1922 adbuc
1255 1873 1286 1922 et
1301 1861 1412 1925 incon·

86 1973 210 2014 russam
233 1955 376 2033 epochen
392 1953 605 2035 permansisse
619 1974 721 2037 neque
739 1951 815 2014 ioco
835 1958 971 2053 unquam
991 1953 1126 2032 pulsam.
1171 1955 1295 2017 Verum
1317 1977 1412 2059 prae·

82 2043 202 2109 stiterit
231 2045 372 2109 verba'
363 2068 431 2128 ipsa
459 2047 627 2112 Plutarchi
657 2044 900 2119 adscribere,
893 2066 975 2130 quae
999 2045 1077 2108 mire
1100 2049 1139 2108 ad
1160 2068 1227 2109 rem
1249 2040 1449 2131 pertinent&
1476 2092 1478 2101 ι

81 2141 205 2220 quade
227 2140 369 2256 agimus.
395 2166 453 2221 την
475 2144 604 2232 ὃὲιὲιιερι
622 2164 753 2207 παντων
776 2135 897 2225 ἐιιοχὴν
920 2134 994 2205 οὐδ
1019 2143 1050 2205 οἱ
1070 2136 1178 2205 πολλὰ
1199 2165 1411 2230 πραιματιιι-

81 2255 220 2317 σαμινοι
247 2238 303 2298 και
333 2236 579 2312 κατατείναντες
608 2260 653 2312 εις
677 2257 776 2299 τουτο
802 2228 1045 2342 συμιράμμιιτα
1069 2259 1126 2300 και
1147 2229 1324 2320 λόγους,
1308 2236 1410 2318 sainn-

80 2348 147 2391 σαν
154 2320 280 2392 ‹itit-¹
264 2351 298 2392 ιιι
320 2329 378 2408 τῆς
399 2330 506 2406 στιιᾶς
521 2324 630 2410 αὐτῆς
652 2328 806 2394 τιλειιτιιι
800 2351 875 2404 τες,
898 2317 1004 2412 ω’σπερ
1026 2322 1200 2419 Γοργόνα,
1225 2325 1284 2408 τὴν
1303 2324 1410 2418 ἄπρα-

79 2509 143 2578 οὐκ
163 2507 388 2622 eurixopmrq
378 2510 497 2606 ὁρμὴ
522 2519 684 2602 γενέσθαι
705 2538 758 2599 oe)
759 2510 976 2604 κατάθεσις,
1008 2510 1083 2580 οὐδὲ
1069 2521 1160 2593 stuc
1182 2538 1286 2602 ροπιις
1307 2540 1411 2625 ιιρχιιν

78 2603 211 2684 ἐδέξατο
241 2603 300 2688 τὴν
322 2610 503 2690 reinduam,
538 2604 607 2677 ἀλλ’
632 2609 699 2690 ἐξ’
684 2610 802 2689 ιαιιτῆς
823 2603 952 2693 σἰμιιιςὸς
984 2609 1035 2672 ini
1071 2603 1128 2685 τὰς
1150 2603 1318 2694 ιιριιξιιιΙ
1303 2605 1409 2700 ιιμάνη

76 2724 126 2784 μη
114 2694 275 2785 δεομένη
301 2725 358 2768 ιον
383 2704 646 2791 προςτίθισθαι·
669 2704 787 2767 idest:
814 2723 960 2764 assensus
982 2722 1062 2764 uero
1084 2699 1113 2763 in
1137 2699 1223 2762 omni
1244 2724 1280 2766 rc
1303 2716 1409 2768 reten

77 2791 198 2854 tionem
230 2796 272 2874 (s.
302 2799 460 2877 epochen)
492 2820 550 2861 nec
579 2797 601 2860 ii
624 2820 678 2879 qiu
670 2797 832 2859 multum
856 2795 976 2887 negotii
999 2815 1181 2877 operaeque
1202 2794 1234 2857 in
1258 2817 1324 2859 eam
1348 2795 1407 2859 im·
1414 2820 1417 2831 ¹

74 2888 275 2966 pendentm,
301 2891 408 2975 longis
432 2892 644 2957 voluminibus
667 2894 822 2957 adversus
845 2896 911 2953 eam
935 2888 1080 2970 scriptis,
1106 2890 1180 2953 loeo
1203 2890 1323 2971 pellere
1348 2911 1408 2972 po·

74 2988 182 3043 tuere.
227 2982 350 3046 Verum
373 3008 469 3068 quum
493 3007 551 3049 nec
573 2997 696 3068 sumpta
720 2987 762 3058 ab
780 2986 857 3046 Stoa
880 2984 949 3066 ipsa
973 2983 1121 3065 Apraxia
1146 2984 1192 3063 (id
1210 2995 1256 3045 est
1273 2983 1407 3081 actionis

74 3071 248 3137 universae
276 3077 469 3158 privatione)
499 3100 536 3142 ac
562 3078 659 3141 veluti
682 3080 838 3142 Medusae
861 3078 963 3160 capite
987 3079 1138 3141 intentata
1161 3090 1257 3163 atque
1279 3091 1408 3145 ostensa

75 3165 246 3250 quicquam
262 3172 480 3252 proficerent,
503 3195 539 3237 re
562 3177 687 3239 tandem
702 3176 868 3255 desperata
883 3171 1094 3249 destiterunt,
1117 3183 1284 3256 postquam
1301 3170 1407 3236 omnia

74 3261 204 3349 experti
227 3264 375 3368 ornnique
398 3267 501 3349 lapide
523 3279 612 3332 moto
625 3312 635 3344 ‚
676 3287 834 3364 utinquam
857 3267 1082 3348 appetitionem
1113 3268 1268 3328 adducere
1290 3276 1407 3347 potue·

72 3362 171 3427 runt,
194 3356 250 3418 uti
280 3380 428 3443 assensus
456 3363 527 3426 fieri
556 3385 591 3427 sc
619 3373 802 3445 pateretur,
839 3381 898 3428 nec
930 3381 1062 3423 asensu
1085 3357 1309 3442 propensionis
1331 3380 1406 3422 suae
1446 3360 1448 3373 '

71 3444 197 3509 initium
221 3432 388 3517 admittere
419 3455 811 3538 voluit3sedsola1psa
841 3455 927 3517 milla
949 3453 1130 3518 accessione
1152 3457 1250 3537 egeus
1273 3454 1313 3515 ad
1337 3453 1406 3515 alli·
1464 3500 1472 3509 t

72 3537 221 3603 ciendum
245 3556 276 3607 et
298 3548 513 3612 deducendum
535 3553 576 3613 ad
597 3550 737 3613 actiones
760 3547 836 3611 satis
857 3547 971 3612 idonea
995 3557 1044 3610 cst
1060 3558 1236 3629 comperta.
1281 3547 1350 3610 Sed
1367 3548 1407 3609 ad

70 3633 195 3699 minuta
218 3636 271 3701 illa
294 3640 480 3705 Stoicorum
502 3646 727 3723 revertendum
749 3642 843 3706 nobis
866 3653 926 3705 est.

163 3730 248 3806 Eas,
280 3754 362 3816 quae
384 3735 511 3799 ratione
533 3730 694 3800 utentibus
717 3734 909 3841 obveniunt,
943 3734 1124 3816 phantasias
1145 3755 1274 3813 νοησιις
1296 3733 1406 3816 appel·

70 3821 158 3889 lari³
180 3826 431 3904 adnotabamus3
454 3832 515 3895 hae
534 3843 707 3937 postquam
726 3828 759 3895 in
774 3842 879 3891 mente
888 3829 1057 3935 repositae
1079 3838 1152 3891 saint
1174 3846 1210 3889 ac
1233 3848 1406 3890 conserva-

67 3925 127 3976 tae
156 3910 300 3998 ἰ’ννοιαι,
335 3920 368 3983 id
397 3933 464 3998 est,
502 3924 634 3991 notitias
667 3924 831 3998 dicuntur3
869 3922 916 3985 sic
945 3922 1026 3986 enim
1058 3919 1279 3999 definiunt,'
1263 3936 1404 4002 εννοιαι,

67 4001 291 4094 αποκειμὲναι
313 4009 456 4121 νοήσεις,
490 4016 611 4092 idest,
635 4019 784 4095 notitiae,
816 4017 976 4100 repositae
997 4017 1028 4085 in
1051 4028 1154 4079 mente
1177 4015 1405 4097 apprehensio·

67 4122 145 4165 nes.
189 4104 348 4187 Attpre
322 4130 350 4169 si
367 4109 473 4176 animo
496 4109 612 4177 infixae
627 4121 856 4193 perseverent,
880 4104 1007 4196 μνήμη,
1030 4108 1062 4175 id
1084 4120 1148 4183 est,
1175 4131 1326 4175 memoria
1342 4131 1403 4171 tam
1470 4130 1474 4138 ’

65 4204 143 4269 θδῑι
178 4217 271 4277 quam
293 4192 432 4306 μόνιμον
453 4208 510 4269 καὶ
524 4201 673 4291 σχετικὴν
696 4199 856 4282 τύπωσιν,
890 4204 1011 4279 idest,
1052 4202 1226 4267 stabilem'
1218 4203 1403 4284 impressio
1452 4214 1455 4223 “

63 4308 147 4351 nem
177 4301 209 4351 et
230 4313 311 4374 quae
343 4294 374 4356 iu
396 4296 536 4363 habitum
560 4298 693 4376 abierit,
730 4298 855 4374 dicum,
879 4311 914 4365 ut
936 4320 1031 4382 qustum
1056 4296 1118 4361 albi
1140 4317 1235 4359 sensu
1255 4295 1402 4378 percepti

63 4383 249 4461 memoria,
273 4408 313 4449 eo
341 4404 555 4473 econspectu
576 4395 702 4456 sublato
725 4405 879 4456 remanet.
911 4386 1070 4475 Namque
1093 4390 1239 4474 quamdiu
1261 4390 1293 4455 id
1315 4391 1403 4473 quod
1469 4414 1478 4431 “

63 4474 229 4554 sentitur,
265 4483 371 4557 adest,
407 4506 469 4548 uon
504 4489 674 4562 memoria,
705 4489 778 4562 sed,
813 4498 847 4549 ut
869 4486 1025 4562 arbitror,
1050 4481 1271 4568 phantasiae
1256 4506 1402 4574 quoom

63 4568 180 4652 (quasi
213 4571 297 4636 dicas
329 4580 548 4689 apparentia)
578 4584 617 4646 ab
651 4581 770 4648 Stoicis
803 4582 979 4647 dicebatur.
1038 4581 1092 4645 Sic
1125 4578 1205 4642 enirn
1235 4578 1287 4640 illa
1317 4578 1402 4689 apud

45 4661 265 4726 ‘Laeuinus
287 4669 430 4752 accipio,
466 4679 528 4740 ιισι
550 4677 585 4740 δὲ
611 4677 674 4741 τῶν
707 4675 900 4764 φαντασιῶν
933 4700 989 4739 και
1012 4670 1170 4765 ἐμφάσεις
1189 4662 1252 4749 ’ἕως
1273 4667 1314 4737 ἂν
1335 4663 1402 4737 ἆιιο
1459 4676 1467 4705 ³

60 4774 260 4792 ffl—

149 4813 187 4879 (¹)
207 4813 248 4868 00
269 4814 356 4872 Stoic
377 4835 496 4879 contrat.
516 4840 544 4895 p
565 4824 648 4881 1057
668 4823 701 4877 A.
722 4825 759 4890 (3)
778 4821 892 4877 Aduena.
908 4820 1083 4894 Colotemp.
1105 4825 1187 4877 1122.
1207 4820 1240 4893 A
1278 4815 1316 4891 (3)
1340 4817 1402 4872 rlu.

60 4885 162 4940 tarcb.
191 4886 224 4943 de
245 4889 348 4945 Stoicis
369 4901 533 4955 contractet.
551 4917 579 4972 p.
600 4901 681 4960 1057.
702 4904 736 4955 A.
756 4914 784 4952 ct
804 4897 837 4953 de
857 4901 928 4976 plac.
948 4896 1048 4971 philos.
1068 4894 1118 4957 lib.
1138 4897 1166 4955 A.
1185 4911 1210 4949 c.
1217 4900 1276 4972 ,11.
1314 4890 1352 4971 (t
1372 4898 1401 4954 ita

61 4958 237 5021 zenonet..
259 4971 292 5033 7,
311 4972 357 5025 51.

129 5064 198 5111 creo
220 5068 250 5113 te
252 5070 339 5122 stante
420 5060 424 5065 ’
613 5028 620 5047 x
1017 5047 1056 5114 {9
