3288 5490
195 444 236 525 tt
538 403 935 517 Acnuumcouum
958 439 1182 507 uutoumu
1285 470 1288 479 =

195 595 276 667 nrc‘
298 564 600 673 maioremquidem
623 588 723 654 multo
744 588 855 673 putat‘
877 612 965 667 esse,
988 588 1041 652 vel
1063 596 1185 650 tantum
1208 606 1294 666 esse,
1320 566 1455 672 quantus
1479 587 1526 651 ri·

172 691 328 757 'deaturt
362 694 397 748 ut
419 683 505 748 oculi
528 693 581 747 aut
609 704 674 747 uon
702 683 834 749 multum
863 684 1072 761 mentiantur,
1109 693 1162 745 aut
1184 682 1296 746 niuttt.
1343 685 1408 748 Ubi
1430 684 1528 769 igitur

194 783 276 849 illud
290 793 337 845 est
352 779 458 845 semel
464 778 483 841 ,9
506 777 570 840 Sed
584 779 624 843 ab
639 779 702 841 hoc
716 780 869 857 credulo,
894 779 947 862 qui
966 768 1126 864 nunquam
1141 798 1253 841 seusus
1275 779 1401 842 mentiri
1423 790 1525 861 putat,

99 884 101 891 “
196 877 411 942 discedamus:
435 873 512 959 qui⁶
534 894 573 934 ue
595 894 678 937 nunc
700 871 845 955 quidem,
871 895 967 961 quum
990 871 1042 936 ille
1066 871 1135 946 sol,
1160 871 1215 955 qui
1238 883 1323 939 tanta
1343 872 1531 945 incitatione

109 994 114 1006 ’
194 972 319 1049 fertur,
342 982 397 1046 ut,
422 967 568 1031 celeritas
592 967 659 1030 cius
681 978 798 1052 quanta
821 967 879 1043 sit,
907 988 946 1031 ue
968 965 1105 1051 cogitari
1128 965 1255 1051 quidem
1277 967 1399 1048 possit,
1424 978 1532 1030 tamen*

195 1064 290 1141 uobis
320 1075 405 1127 stare
433 1060 617 1127 videaturtt
662 1060 716 1124 83.
751 1063 834 1135 Sed,
868 1071 904 1122 ut
933 1060 1068 1124 minuam
1098 1061 1372 1125 controversiam:
1406 1061 1527 1136 videte,

197 1180 331 1245 quaeso,
356 1179 449 1243 quam
470 1156 488 1192 ‘⁸
508 1155 541 1218 in
563 1176 667 1238 parvo
690 1154 728 1217 lis
752 1154 827 1217 sit⁶.
873 1152 1130 1236 Quattuor‘sunt
1153 1156 1277 1238 capita,
1293 1177 1374 1242 quae
1397 1157 1545 1233 conclu-j

196 1252 305 1329 dant⁷,
328 1251 406 1315 nihil
422 1272 510 1327 esse,
535 1252 623 1336 quod
635 1248 740 1326 nosci,
765 1247 900 1332 percipi,
925 1249 1152 1331 comprehendi
1166 1249 1288 1332 possit;
1312 1252 1432 1333 dequo
1448 1254 1530 1313 haec

195 1360 265 1413 tota
287 1347 431 1430 quaestio
454 1357 516 1409 est.
559 1346 589 1408 E
612 1342 727 1428 quibus
755 1342 893 1426 primum
921 1354 987 1421 est,
1023 1365 1091 1407 esse
1115 1343 1249 1428 aliquod
1262 1343 1369 1423 *visum
1392 1345 1530 1409 salsum:

197 1440 388 1517 secundum,
413 1460 478 1504 non
492 1459 590 1522 posse
603 1439 636 1502 id
650 1437 793 1520 percipi:
817 1438 964 1514 tertium,
988 1436 1072 1501 iuter
1094 1459 1176 1523 quae
1201 1437 1267 1500 uisa
1290 1438 1367 1500 nihil
1389 1438 1529 1516 intersit,

196 1534 353 1625 lierinon
376 1555 488 1618 posse,
511 1543 548 1596 ut
571 1553 682 1596 eorum
705 1532 764 1594 alia
785 1531 909 1615 percipi
930 1532 1074 1614 possint,
1100 1530 1160 1594 alia
1181 1553 1244 1594 non
1260 1531 1536 1618 possintnquars

196 1642 281 1706 bum,
304 1630 423 1693 nullum
447 1647 515 1692 esse
538 1627 641 1690 visum
663 1648 775 1690 verum
798 1648 816 1689 a
839 1647 932 1691 sensu
949 1628 1151 1708 proiectum,
1175 1626 1227 1688 cui
1241 1647 1305 1689 non
1323 1628 1531 1708 appositum⁸

195 1723 237 1789 sit
259 1723 361 1788 visum
379 1723 482 1796 aliud,
507 1722 594 1802 quod
619 1722 658 1783 ab
677 1742 716 1784 eo
735 1719 813 1783 nihil
834 1719 976 1795 intersit,
1006 1722 1154 1805 quodque
1175 1719 1299 1802 percipi
1322 1742 1386 1784 nou
1409 1722 1536 1802 possit.'

196 1808 493 1902 Horum'qunttuor
511 1813 647 1897 capitum
660 1817 830 1878 secundum
844 1827 875 1878 et
891 1815 1019 1892 tortium
1037 1836 1146 1878 omnes
1164 1816 1354 1878 concedunt.
1386 1814 1534 1878 Primum

196 1912 360 1995 Epicurus
375 1931 441 1975 nou
457 1911 522 1971 dat.
554 1908 639 1982 Vos,
662 1908 849 1992 quibuscum
864 1929 916 1971 res
929 1921 988 1985 cst,
1009 1908 1043 1972 id
1057 1930 1186 1995 quoque
1199 1906 1386 1972 conceditis.
1418 1907 1533 1971 Omnis

196 2022 305 2091 pugna
320 2007 359 2067 de
375 2014 490 2087 quarto
506 2013 566 2065 est.
611 2002 664 2065 811.
690 2002 754 2082 Qui
773 2001 873 2087 igitur
888 2004 930 2067 P.
948 2002 1116 2067 Servilium
1135 2003 1303 2069 Geminum
1321 2002 1464 2079 videbat,
1486 1994 1534 2064 si⁹

198 2098 353 2181 Quintum
369 2119 402 2160 se
418 2096 528 2159 videre
547 2098 700 2179 putabat,
724 2096 932 2160 incidebatur
951 2096 1103 2165 eiusmodi
1113 2098 1139 2136 ¹⁰
1158 2096 1280 2171 visum,
1305 2099 1392 2178 quod
1406 2094 1534 2178 percipi

196 2214 263 2259 non
279 2196 406 2276 posset,
432 2189 506 2276 quia
517 2190 602 2253 nulla
618 2201 694 2254 nota
707 2212 818 2254 veruun
831 2191 1086 2276 distinguebatur
1098 2213 1114 2254 e
1125 2191 1230 2254 laiso:
1254 2212 1316 2274 qua
1329 2188 1535 2253 distinctione

197 2280 341 2361 sublate,
365 2306 458 2370 mam
481 2286 614 2347 haberet
633 2284 666 2347 in
689 2281 731 2348 C.
748 2282 894 2360 Centau,
919 2287 1040 2372 quibis
1064 2308 1136 2349 cum
1158 2286 1201 2349 Ρ.
1226 2284 1397 2348 Gemino¹2
1417 2284 1535 2345 consul
1593 2310 1596 2323 .

196 2372 270 2456 fuit,
288 2382 492 2464 agnoscendo
502 2381 528 2419 ¹³
546 2379 700 2442 eiusmodi
719 2391 837 2456 uotam,
859 2401 941 2464 quae
959 2379 1040 2445 falsa
1059 2399 1208 2442 essenon
1228 2373 1398 2459 possem?
1420 2377 1533 2462 Negas
1633 2446 1634 2449 Ἴ

120 2470 128 2483 ‘
198 2485 314 2536 tantam
335 2472 611 2536 similitudinem‘iu
627 2495 733 2537 rerum
749 2486 860 2563 natura
880 2495 961 2537 esse.
995 2475 1127 2561 Puguas
1147 2473 1288 2547 omniuo,
1309 2473 1365 2533 scd
1383 2493 1454 2534 cum
1476 2475 1534 2534 ad·

198 2567 345 2632 versario
360 2567 458 2631 facili.
488 2569 539 2631 Ne
555 2568 595 2630 sit
610 2588 704 2631 sene:
731 2567 832 2630 videri
847 2580 933 2631 certe
945 2580 1067 2650 potest.
1098 2567 1203 2632 Fallet
1215 2566 1315 2651 igitur
1330 2586 1478 2641 sensum;
1503 2577 1535 2628 et

196 2660 226 2727 si
235 2681 302 2739 una
316 2661 467 2726 fefellerit
487 2661 678 2740 similitudo,
704 2662 799 2725 dubia
819 2662 923 2726 omnia
941 2662 1126 2731 reddiderit.
1158 2652 1300 2723 Sublato
1312 2659 1391 2722 enim
1409 2658 1535 2723 iudicio

195 2755 267 2832 illo,
292 2777 358 2842 quo
374 2767 505 2837 oportet
520 2755 665 2841 agnosci,
690 2756 781 2820 etiam
800 2757 828 2820 si
841 2757 909 2840 ipse
924 2758 996 2832 erit,
1021 2778 1116 2842 quem
1134 2755 1266 2831 videris,
1291 2755 1345 2839 qui
1360 2754 1423 2817 tibi
1440 2755 1534 2819 vide·

196 2849 330 2926 bitur⁸⁵,
354 2860 458 2913 temen
474 2872 537 2914 non
551 2873 587 2914 eu
604 2862 679 2914 nota
693 2851 864 2927 iudicabis,
889 2874 952 2936 qua
971 2851 1046 2915 dicis
1063 2860 1215 2931 oportere
1223 2849 1323 2923 ¹⁶,.ut
1341 2870 1406 2915 non
1426 2849 1534 2931 possit

196 3048 248 3101 tus
270 3036 386 3113 videri,
411 3039 488 3124 quid
509 3040 608 3101 habes
631 3039 793 3122 explorati
801 3040 840 3115 ¹⁷,
866 3061 924 3103 cur
943 3062 1006 3104 uon
1025 3038 1127 3122 possit
1135 3039 1162 3078 ¹⁸
1181 3039 1240 3102 tibi
1257 3037 1392 3104 Cotta¹⁹
1408 3039 1532 3114 ¹videri,

83 3172 85 3181 ,
197 3133 254 3220 qui
271 3132 402 3209 nonsit,
427 3133 575 3216 quoniam
589 3133 707 3218 aliquid
722 3133 848 3197 videtur
867 3154 946 3209 esse,
972 3136 1059 3218 quod
1075 3155 1138 3196 non
1154 3132 1227 3196 est?
1249 3133 1363 3197 Omnia
1383 3134 1461 3196 dicis
1482 3134 1534 3221 sui

115 3257 117 3261 ¹
198 3228 327 3313 generis
347 3248 428 3303 esse,
446 3226 524 3289 nihil
541 3248 610 3289 esse
625 3226 717 3303 idem,
739 3228 827 3310 quod
841 3226 881 3290 sit
900 3225 996 3290 aliud.
1041 3228 1184 3292 Stoicum
1204 3237 1252 3290 est
1271 3229 1447 3312 quidem2⁰‚
1473 3250 1535 3290 nec

197 3323 367 3385 admodum
389 3321 559 3396 credibile,
587 3323 719 3393 uzdlmn
741 3344 814 3387 ees-e
831 3320 946 3406 pilum
966 3321 1124 3387 omnibus
1145 3321 1247 3385 rebus
1268 3325 1392 3398 talem,
1415 3322 1536 3409 quentis

196 3415 243 3480 sit
259 3414 358 3498 pilus
378 3417 488 3490 atius,
512 3418 645 3479 nullum
665 3437 830 3500 genuum.
876 3417 968 3480 Haec
989 3414 1093 3478 refelli
1114 3426 1270 3496 possunt:
1303 3414 1360 3478 sed
1381 3437 1534 3499 pugnare

196 3509 288 3573 uolo.
333 3511 387 3573 Ad
407 3510 439 3572 id
453 3508 554 3586 euim,
580 3510 667 3594 ‘quod
682 3509 805 3596 egitur,
829 3510 908 3572 nihil
922 3509 1071 3585 interest,
1097 3508 1283 3572 omnibusne
1297 3510 1443 3592 partibus
1461 3511 1534 3574 visa

195 3623 248 3665 res
271 3602 350 3667 nihil
371 3584 515 3678 diiierat3
551 3625 589 3666 an
611 3604 785 3668 internosci
805 3624 871 3666 uon
892 3603 1015 3684 possit,
1047 3602 1139 3667 etiem
1161 3602 1188 3667 si
1210 3604 1348 3667 differet.
1394 3606 1478 3679 Sed,
1503 3604 1533 3667 si

78 3692 82 3699 ’
196 3696 360 3760 hominum
376 3696 547 3759 similitudo
562 3709 648 3759 tanta
665 3718 812 3760 essenon
828 3709 947 3778 potest,
959 3719 997 3760 ue
1007 3698 1173 3782 signorum
1188 3697 1338 3783 quidem?
1360 3697 1423 3762 Dic
1436 3696 1532 3772 mihi,

196 3787 363 3873 Lysippus
387 3793 498 3854 eodem
521 3812 616 3867 nere,
652 3793 761 3855 eadem
783 3792 1035 3875 temperatione,
1071 3794 1183 3856 eodem
1207 3793 1314 3868 caelo,
1350 3793 1532 3876 †equa²¹‚

204 4002 213 4029 s
273 3977 309 4054 (²)
336 3977 383 4033 stc
402 3979 473 4036 cdd
492 3980 556 4053 aliq.
577 3982 610 4034 B.
629 3980 664 4034 H.
686 3981 722 4035 G.
746 4009 786 4024 -
808 3973 843 4032 nr
861 3984 896 4034 V.
916 3980 1003 4035 L.‘D.
1025 3990 1052 4040 1.
1071 3988 1099 4038 2.
1143 3980 1186 4055 (²)
1211 3990 1370 4053 —putant
1388 3981 1420 4034 Β.
1440 3981 1477 4036 Η.
1496 3982 1534 4036 V.

183 4050 239 4128 ¹(8)
268 4053 375 4108 chd.
395 4055 431 4111 G.
445 4062 472 4111 2.
500 4086 538 4099 ·-
557 4065 608 4109 arat
626 4074 683 4108 non
701 4056 834 4122 multtum,
861 4065 913 4108 aut
930 4056 1003 4109 nihil
1019 4066 1106 4114 ment.
1124 4058 1161 4111 H.
1180 4057 1217 4112 D.
1244 4086 1284 4099 -
1301 4066 1354 4109 aut
1371 4055 1457 4120 nitu,
1481 4059 1536 4108 aue

196 4147 253 4180 non
272 4130 394 4182 multum
408 4141 493 4187 ment.
515 4132 546 4186 L.
572 4147 609 4185 tue
628 4140 679 4184 oret
697 4122 770 4184 nsbl
785 4137 977 4198 mentiantur,
999 4136 1127 4186 autnon
1145 4132 1260 4184 mrdtum
1280 4143 1364 4186 ment.
1385 4132 1418 4185 V.
1439 4131 1483 4186 M.
1504 4139 1534 4189 1.

185 4204 237 4279 ’(4)
256 4219 294 4258 ω
312 4223 368 4258 om.
388 4211 435 4277 qui
454 4209 487 4261 L.
501 4210 584 4267 1566.
611 4208 711 4273 Recte,
733 4223 809 4281 puto.
829 4215 931 4278 -qut
944 4227 978 4260 ne
998 4226 1070 4261 nunc
1089 4192 1297 4334 quidemYutat
1316 4208 1350 4264 Η.
1363 4209 1397 4260 V.
1436 4210 1477 4274 ()
1497 4232 1535 4249 .-

196 4288 274 4331 .stare
292 4280 373 4339 nobie
391 4281 505 4334 videtur
524 4282 557 4337 L.
595 4278 643 4357 (ὅ)
656 4281 704 4336 ste
724 4280 787 4335 dedi
807 4280 841 4336 de
861 4281 987 4336 Duraudi
1007 4280 1037 4341 Ε.
1057 4283 1137 4358 prob.
1153 4285 1201 4337 Ma
1223 4289 1267 4355 vig
1281 4285 1304 4339 Ι.
1324 4303 1351 4357 p.
1365 4287 1430 4344 153.
1449 4311 1489 4327 -··
1501 4287 1534 4332 in

193 4357 327 4428 parvulis
345 4360 409 4408 sitis
428 4360 488 4410 sine
506 4374 589 4411 seusu
611 4359 645 4412 Η.
661 4357 694 4412 V.
708 4360 743 4412 D.
756 4367 780 4416 1.
795 4358 833 4412 G.
843 4364 870 4413 2.
890 4388 927 4403 -
940 4360 970 4410 ut
978 4361 1110 4430 parvul&
1122 4365 1179 4410 sita
1191 4365 1230 4410 sit
1242 4362 1273 4411 t..
1288 4356 1318 4415 G.
1340 4366 1344 4375 “
1357 4358 1395 4426 (7)
1408 4385 1447 4398 ·-
1458 4375 1534 4409 con-

196 4430 311 4483 cludunt
330 4429 365 4486 H.
379 4431 412 4485 V.
433 4433 464 4485 L.
503 4430 545 4508 (8)
562 4457 599 4473 -
616 4438 774 4506 oppositum
794 4433 832 4506 G.
851 4433 917 4488 Sch.
932 4440 957 4490 2.
977 4451 1071 4487 errore
1093 4451 1199 4506 typogr.
1239 4432 1280 4502 (9)
1300 4431 1407 4485 -·sell
1425 4451 1439 4485 e
1459 4429 1533 4486 Cdd.

198 4504 235 4561 G.
248 4514 275 4563 2.
297 4527 320 4560 v.
341 4505 456 4580 Madvig
469 4509 493 4562 l.
507 4528 532 4581 p.
547 4515 610 4569 178.
649 4505 758 4579 (10)-
778 4504 937 4561 brummodz'
955 4510 986 4564 Β.
1009 4510 1044 4563 Η.
1083 4508 1134 4578 (⁷¹)
1151 4526 1215 4562 cum
1236 4508 1305 4565 cdd.
1325 4508 1390 4562 Esn.
1407 4515 1432 4564 1.
1453 4508 1489 4563 G·
1504 4512 1536 4565 2.

196 4609 235 4655 χ--
244 4580 400 4636 ὶαόενετὈ.
412 4583 497 4636 Cotta
507 4583 544 4637 D.
555 4614 593 4626 -
602 4582 717 4635 haberet
727 4584 771 4637 M.
783 4585 869 4638 Cotta
879 4586 915 4639 H.
925 4586 959 4639 V.
969 4584 1002 4637 L.
1030 4580 1082 4652 (¹²)
1096 4601 1110 4636 e
1121 4581 1190 4639 Cdd.
1200 4582 1235 4643 D.
1248 4614 1281 4627 -
1294 4601 1350 4637 om.
1362 4576 1534 4657 praenomen

198 4655 301 4719 Ceteri.
339 4654 398 4725 (⁷3)
417 4687 456 4700 -
473 4659 648 4728 agnoscendi
665 4656 737 4715 Lu.
777 4658 828 4734 (¹⁴)
841 4660 1029 4732 -possit'H
1042 4659 1077 4713 H.
1091 4659 1123 4713 V.
1139 4658 1169 4713 L.
1207 4656 1314 4734 (15)-
1330 4652 1446 4717 videtur,
1466 4674 1533 4713 cum

198 4729 268 4785 Cdd.
289 4731 353 4804 aliq.
373 4734 406 4787 B.
425 4735 460 4788 D.
476 4742 502 4792 1.
541 4731 593 4802 (¹0)
612 4761 649 4777 ·-
668 4733 739 4785 dicis
755 4753 815 4787 esse
835 4745 964 4808 oportere
983 4737 1016 4788 L.
1054 4734 1106 4802 (¹7)
1123 4765 1163 4777 -
1180 4726 1360 4807 exploraturi
1381 4733 1451 4787 edd.
1465 4735 1532 4804 aliq.

198 4808 230 4861 Β.
250 4807 285 4861 Η.
305 4807 384 4880 prob.
406 4808 442 4863 G.
486 4803 604 4881 (¹3)''-
619 4815 711 4881 possit
729 4804 852 4866 treme.
871 4802 917 4865 mis
940 4850 948 4866 .
993 4806 1046 4885 (¹9)
1069 4813 1145 4885 Lege
1167 4811 1197 4864 C.
1219 4811 1330 4871 Cotta„
1353 4806 1408 4881 (²⁰)
1433 4839 1469 4852 -
1487 4808 1535 4861 est

197 4879 229 4935 td
246 4882 355 4953 quidam
373 4883 406 4937 L.
426 4911 463 4943 -φ
482 4883 514 4935 td
531 4892 576 4936 est
593 4903 620 4955 q.
639 4884 675 4939 D.
714 4881 766 4954 (θ’)
784 4885 846 4939 Etsi
860 4886 892 4940 P.
926 4885 991 4939 eber
1004 4892 1071 4940 cette
1090 4891 1235 4960 ingeniose
1249 4884 1392 4958 ‘explicere
1414 4888 1532 4938 tentavit

198 4955 293 5033 locum
320 4957 559 5028 tuexrrtcebtlern,
586 4958 660 5012 nthtl
684 4974 780 5014 temen
799 4958 934 5033 profectu
966 4977 1032 5015 nem
1055 4960 1084 5014 td
1104 4960 1216 5032 quidem
1236 4962 1397 5015 mortalium
1418 4975 1532 5033 ceptum

199 5046 326 5103 superet,
352 5031 430 5086 caelo
449 5030 630 5112 (eupompi)
656 5049 684 5088 ee
705 5035 836 5113 eqmvel
856 5035 956 5090 condet
976 5051 1080 5093 enerues
1102 5053 1216 5104 aeneas,
1248 5037 1289 5090 vet
1303 5037 1378 5111 *eseli
1398 5050 1425 5088 er
1445 5051 1533 5107 aquae

1624 2458 1634 2523 t

1633 2694 1635 2763 ¹

198 2942 420 3008 esseeiusdem
435 2946 625 3009 modilalse.
657 2945 710 3008 85.
729 2944 866 3025 Quando
881 2934 981 3030 igitur
998 2955 1107 3029 potest
1127 2943 1186 3005 tibi
1198 2944 1240 3006 P.
1255 2942 1408 3007 Geminus
1427 2944 1536 3025 Quin·

1631 4914 1633 4971 l
