3252 5490
155 330 159 344 ·
181 338 186 367 ι

520 342 908 469 -mmcm
1041 386 1219 469 stx
1345 409 1407 478 m

87 537 220 625 ingenuit
236 537 357 605 homini
369 540 439 603 veri
454 539 582 604 ridendi
591 543 616 615 ¹,
639 542 729 624 quod
742 539 1061 626 facillimeapparet,
1086 564 1182 631 quum
1199 548 1293 615 vacet
1306 520 1404 631 esurii,
1461 536 1467 549 ¹

88 633 170 697 etiam
193 632 267 719 quid
280 633 311 697 in
331 631 420 697 caelo
435 634 510 711 fiat,
535 634 618 699 scire
632 655 782 701 avemus:
804 635 854 699 his
870 633 966 708 initiis
985 638 1104 701 indocti
1124 640 1229 705 munia
1243 662 1321 705 vera
1336 644 1407 708 diliu

86 728 197 813 gimus,
219 727 251 791 id
270 739 336 804 est,
359 727 482 804 fidelia,
506 729 686 814 simplicia,
704 727 903 793 constantia:
927 741 994 795 tum
1011 732 1406 809 vana,fatsa‚n11emia²

86 823 218 896 odimus,
238 832 277 887 ut
291 822 455 907 fraudem,
477 821 670 905 periurium,
688 820 857 898 malitiam,
872 820 1031 897 iniuriam.
1075 827 1197 891 Eadem
1212 829 1295 895 ratio
1309 820 1410 896 hahet
1490 816 1495 825 ¹

84 917 111 981 in
133 938 166 981 se
185 915 331 1000 quiddam
350 918 487 999 amplum
508 930 606 1004 ¹atque
629 917 851 1004 magnifieum,
877 919 917 980 ad
936 915 1154 1000 imperandum
1169 922 1286 1007 magis,
1311 947 1419 1008 quam.

84 1015 119 1076 ad
137 1013 308 1094 parendum
337 1006 654 1077 aiecommodatum³a
692 1010 798 1077 onmia
825 1011 963 1079 hirmana
986 1034 1051 1076 non
1077 1017 1258 1081 tolerabilia
1280 1020 1403 1097 solum,

80 1106 239 1170 sedetiam
259 1104 500 1169 leviadncens:
524 1107 621 1181 altum
641 1105 790 1192 quiddam
813 1106 868 1169 ct‘*
889 1105 1068 1182 excelsum,
1092 1108 1172 1173 nihil
1194 1109 1326 1188 timens,
1350 1135 1407 1177 ne-

81 1198 149 1264 mini
169 1203 302 1276 cedens,
325 1220 454 1281 semper
475 1198 639 1263 invictum.
685 1201 740 1262 47.
756 1199 865 1281 Atque
880 1197 929 1263 his
944 1198 1049 1263 trihus
1063 1202 1235 1284 generibus
1250 1207 1406 1270 honesto·

80 1294 292 1371 rumnotatis,
316 1305 463 1378 quartum
477 1295 638 1379 sequitur,
662 1304 694 1357 et
716 1293 769 1360 in⁵
792 1294 900 1365 eadem
915 1292 1168 1376 pulchritudine,
1193 1308 1226 1359 et
1242 1311 1349 1380 aptum
1364 1322 1406 1367 cx
1457 1350 1461 1361 .
1546 1320 1550 1329 ’

80 1388 135 1452 illis
156 1388 277 1452 trihus:
313 1386 345 1450 iu
367 1409 433 1472 quo
455 1386 537 1453 inest
560 1384 668 1455 ordo⁶
690 1399 724 1451 et
745 1385 937 1453 moderatio.
987 1387 1088 1453 Cuius
1109 1389 1309 1456 similitudine
1330 1415 1405 1477 per-

78 1494 179 1564 specta
207 1482 239 1545 in
260 1481 442 1546 formarum
464 1482 569 1564 specie
591 1504 629 1547 ac
651 1481 804 1568 dignitate
817 1524 831 1557 „
866 1482 1032 1547 transitum
1051 1485 1119 1547 est⁷
1142 1487 1181 1547 ad
1204 1486 1405 1553 honestatem

81 1576 228 1639 dictorum
248 1588 345 1661 atque
363 1577 537 1640 laetorum.
582 1579 665 1639 Nam
680 1598 721 1641 ex
739 1575 810 1639 hiat
829 1574 933 1639 tribus
951 1577 1116 1654 latifl'hus,
1140 1600 1218 1662 quas
1238 1581 1402 1657 inradiat,

80 1670 328 1735 attemeritatem
350 1669 556 1748 reformidat,
582 1682 613 1734 et
632 1692 698 1735 non
714 1671 808 1733 audet
826 1667 972 1754 cuiquam
990 1669 1147 1741 antdicte
1160 1683 1329 1755 protervo
1352 1686 1406 1738 ant

79 1763 156 1826 lacto
178 1785 318 1839 uocere;
340 1776 538 1854 vereturque
562 1763 734 1850 quidquam
755 1772 810 1828 aut
830 1762 958 1843 iacere,
982 1778 1037 1833 aut
1055 1766 1163 1852 loqui,
1187 1770 1277 1852 quod
1291 1788 1404 1850 parum

79 1856 162 1920 virile
185 1857 367 1921 videatur..

150 1946 233 2014 XV.
259 1952 314 2014 48.
337 1953 448 2016 Habes
470 1951 608 2038 undique
630 1953 787 2035 expletam
813 1957 866 2020 et⁹
887 1954 1084 2036 perfectam,
1116 1956 1300 2037 Torquate,
1330 1953 1404 2021 for·
1445 2025 1447 2030 ,

76 2063 147 2105 mam
168 2044 365 2113 honestatis:
404 2067 485 2129 quae
507 2058 575 2111 tota
596 2046 645 2111 his
667 2059 819 2130 quattuor
842 2047 1033 2124 virtutibus,
1068 2064 1193 2132 qnaea
1217 2060 1248 2112 te
1272 2071 1403 2136 qnoque
1500 2114 1508 2125 ‚
1594 2054 1601 2061 ’

77 2150 335 2203 commemoratae
349 2151 442 2215 sunt,
467 2140 661 2206 continetur.
685 2144 778 2206 Hanc
790 2167 824 2208 se
839 2157 913 2209 tiaris
929 2144 1089 2225 Epicurus
1105 2144 1235 2208 omnino
1249 2144 1402 2230 ignorare

75 2231 157 2309 dicit,
189 2254 305 2315 quam,
341 2245 397 2295 anit
418 2235 544 2318 qualem
566 2256 634 2299 esse
659 2237 775 2313 velint,
807 2229 862 2323 qui
872 2241 897 2303 11
918 2241 1085 2303 honestate
1108 2254 1262 2327 summimi
1282 2241 1402 2323 boumn

75 2325 245 2390 metiantur.
306 2326 341 2389 Si
364 2327 447 2391 enim
470 2331 512 2390 ad
534 2331 732 2394 honestatem
757 2333 860 2396 orinia
885 2334 1119 2407 reserantur¹¹‚
1153 2334 1290 2415 neque¹²
1310 2331 1343 2394 in
1365 2353 1403 2401 ea

75 2419 261 2502 roluptatem
283 2420 388 2485 dicant
405 2418 527 2497 inesse,
552 2421 615 2497 ait,
640 2444 712 2496 ..coa
730 2424 818 2503 inani
836 2428 954 2491 voce¹³
974 2425 1116 2490 sonare'’
1140 2424 1201 2505 (his
1221 2424 1303 2488 enim
1322 2424 1419 2508 ipsis'

73 2513 169 2578 verbis
183 2510 327 2595 utitur’)
342 2534 444 2598 neque
459 2516 637 2602 intelligere
645 2519 684 2592 11,
708 2540 811 2603 neque
826 2508 950 2595 videie,
973 2520 1104 2582 subhac
1123 2539 1204 2582 voce
1220 2517 1399 2585 honestatis

75 2629 146 2688 quae
168 2607 210 2672 sit
231 2608 427 2673 subiicienda
448 2609 615 2674 sententia.
661 2613 706 2677 Ut
728 2613 810 2676 euim
834 2613 1034 2677 consuetudo
1055 2611 1218 2697 loquitur,
1242 2611 1273 2678 id
1296 2613 1409 2676 solum
1452 2693 1455 2703 Ι

74 2698 391 2797 dicitrm'honestum
424 2709 512 2788 quod
535 2716 583 2769 est
605 2708 765 2789 populari
785 2708 870 2772 sama
900 2705 1091 2792 gloriosum.
1136 2704 1254 2785 Quod,
1278 2706 1397 2791 inquit,

71 2817 251 2881 quamquam
276 2798 495 2881 voluptatibus
516 2800 701 2886 quibusdam
725 2812 772 2864 est
790 2821 885 2884 saepe
901 2799 1085 2873 iucundius,
1109 2809 1214 2863 tamen
1236 2799 1425 2879 expetitur‘

71 2904 196 2973 propter
214 2893 450 2974 voluptatem.''
494 2896 548 2959 49.
567 2870 721 2971 Videine,
739 2917 834 2980 quiam
855 2895 897 2959 sit
916 2914 1028 2977 magna
1044 2891 1222 2956 dissensio?
1245 2891 1402 2967 Patoso,

71 2983 143 3063 phus
166 2986 302 3062 n'ohilis,
327 3010 432 3073 aquo
452 3011 517 3054 non
542 2990 645 3055 solum
662 2990 801 3053 Graecia
822 3002 855 3052 et
874 2987 986 3064 Italia,
1012 2989 1069 3051 sed
1088 2987 1181 3081 etiam
1205 2985 1307 3051 omnis
1322 2989 1400 3051 bar.

71 3077 152 3141 haria
166 3093 329 3145 commota
346 3095 413 3157 est,
435 3084 603 3148 honestum
619 3082 694 3170 quid
709 3083 782 3159 sit„
793 3083 820 3147 si
837 3083 868 3149 id
886 3105 951 3148 non
974 3080 1032 3146 eet*
1043 3082 1073 3144 iu
1093 3082 1277 3163 voluptate,
1302 3091 1399 3165 negat

70 3189 101 3233 se
115 3172 313 3260 intelligere:
334 3175 394 3241 nisi
407 3178 495 3242 sorte
510 3178 608 3253 illud,
627 3180 715 3261 quod
730 3177 937 3241 multitudinis
950 3197 1079 3241 rumore
1095 3176 1243 3238 landatur
1254 3176 1290 3238 ¹⁵.
1320 3177 1396 3258 Ego

70 3278 184 3344 autem,
207 3266 274 3334 hoc
289 3270 384 3343 etiam
398 3283 492 3353 turpe
509 3293 579 3336 esse
600 3293 714 3354 saepe,
739 3271 867 3336 iudico:
891 3282 940 3347 et,
966 3270 992 3335 si
1007 3272 1133 3353 quando
1148 3271 1243 3350 turpe
1259 3288 1322 3333 non
1341 3269 1394 3345 sit,

69 3366 127 3423 tum
149 3383 214 3427 nou
238 3384 396 3429 essexuon
414 3376 533 3448 tropo,
564 3365 697 3451 quum¹⁶
724 3365 800 3429 ida
829 3363 1025 3428 multitudine
1048 3364 1205 3428 landetur.
1249 3361 1354 3443 Qirod·
1370 3360 1396 3425 si

69 3450 104 3512 sit
117 3453 215 3534 ipsum
230 3478 292 3538 per
307 3480 341 3522 se
357 3471 478 3522 rectum
487 3460 515 3499 ¹⁷
537 3471 632 3544 atque
652 3459 826 3534 laudabile,
843 3481 909 3523 noa
923 3459 966 3527 oh
983 3479 1050 3521 eam
1062 3478 1187 3520 caussam
1200 3455 1396 3526 tameuillud

69 3544 306 3623 dicihonestum
321 3574 411 3629 esse,
435 3552 509 3637 quia
529 3553 675 3619 laudetur
691 3575 710 3621 a
725 3552 849 3628 multis,
873 3555 931 3616 sed
954 3551 1025 3637 quia
1051 3551 1114 3621 tale
1128 3550 1193 3625 ait,
1218 3559 1271 3624 ut,
1295 3547 1397 3615 vetii
1480 3556 1489 3565 ’“

68 3636 245 3724 ignorarent
259 3644 459 3721 idhomiues,
475 3648 527 3711 vel
542 3647 569 3711 si
584 3646 827 3721 obmutuissent,
844 3666 902 3711 sua
914 3657 1019 3709 tameo
1029 3642 1261 3729 pulchritudine
1273 3642 1394 3724 esset¹⁸

67 3735 228 3821 specieque
246 3739 417 3803 landabile.
452 3742 567 3825 Itaque
580 3741 662 3805 idem
677 3753 792 3807 natura
811 3740 931 3816 victus,
956 3738 1022 3819 (cni
1043 3738 1154 3803 obsisti
1175 3757 1239 3800 nou
1258 3746 1411 3831 potest).

133 3906 170 3982 (¹)
189 3911 232 3965 Ex
253 3926 324 3985 optt.
345 3910 415 3966 cdd.
436 3914 472 3968 G.
494 3920 521 3968 2.
541 3943 576 3958 -
596 3917 758 3980 inveniendi
776 3917 879 3971 Ceteri.
925 3914 962 3993 (2)
981 3946 1021 3961 -··
1030 3913 1212 3987 fallaciasl..
1232 3911 1276 3969 Ε..
1300 3912 1337 3988 (1)
1356 3943 1396 3969 -,-

66 3985 264 4037 accommodum
284 3986 315 4039 L.
336 3985 365 4042 4.
386 4003 447 4043 voc.
467 3992 616 4062 poetarum
635 3989 785 4047 dumtaxat.
824 3990 984 4067 (1)-οιιι,
997 3999 1025 4042 et
1046 3993 1077 4044 P.
1099 3991 1185 4049 tlt..
1224 3986 1262 4067 (⁵)
1280 4019 1320 4037 -ν
1338 4006 1393 4044 om.

66 4058 93 4111 tn
111 4058 155 4123 L..
174 4072 206 4114 ut
227 4079 302 4135 susp.
323 4064 369 4116 Br.
407 4061 446 4137 (⁶)
465 4080 502 4118 me
520 4075 549 4117 et
567 4067 637 4119 ordo
656 4069 689 4121 V.
739 4067 776 4142 (⁷)
798 4074 843 4120 ‘eie
864 4069 896 4122 P.
917 4071 1037 4122 Marsus.
1057 4067 1092 4118 D.
1114 4066 1195 4138 Seqq.
1220 4093 1261 4110 «-
1284 4081 1319 4114 oo
1346 4064 1395 4115 di-

66 4137 182 4202 gnitate,
202 4136 238 4186 ab
258 4136 310 4188 dac
324 4145 416 4200 traaas.
432 4140 463 4191 l..
477 4138 507 4196 G.
527 4170 565 4184 ··-
583 4147 688 4214 specie,
709 4145 890 4214 malignitate
909 4151 1002 4200 trans.
1023 4142 1068 4196 Ct.
1081 4141 1115 4194 V.
1129 4141 1207 4197 Man.
1222 4157 1326 4204 meua..
1340 4143 1396 4193 etei

67 4205 262 4277 alterumue.
284 4229 515 4270 assecutuaerat.
565 4213 602 4290 (⁸)
621 4234 659 4272 ee
678 4224 715 4269 iis
734 4221 766 4273 V.
821 4218 858 4295 (9)
878 4247 915 4263 «-
935 4226 1017 4290 atque
1039 4220 1068 4271 L.
1088 4216 1173 4275 aolus.
1222 4213 1272 4295 (¹⁰)
1291 4243 1329 4257 -·
1347 4212 1393 4277 hi,

66 4287 106 4350 ‘lui
128 4284 194 4340 Cdd.
215 4288 281 4360 aliq.
301 4288 382 4362 prob.
402 4289 438 4349 G.
467 4288 517 4365 (11)
537 4274 575 4333 -2
593 4290 727 4364 referam
746 4295 837 4348 Bentl.
859 4310 932 4367 emp.
972 4291 1022 4368 (¹²)
1042 4311 1080 4347 -τ
1097 4310 1149 4369 ¹naec
1166 4292 1209 4349 M.
1224 4291 1256 4342 L·
1288 4286 1395 4415 (1)-
1459 4364 1461 4373 ¹

67 4361 296 4433 immerseram.
316 4366 352 4418 D.
372 4380 449 4436 susp.
468 4394 506 4411 -·
524 4372 608 4419 inane
626 4386 649 4420 a.
670 4366 706 4426 G.
727 4387 801 4443 susp.
840 4367 891 4444 (11)
910 4397 948 4413 -
966 4386 1051 4439 neptae
1071 4366 1166 4424 intell.
1190 4366 1273 4440 gloss.
1287 4371 1315 4437 vi
1334 4379 1395 4436 etur

68 4431 98 4484 G·
120 4451 146 4490 et
171 4437 239 4491 Seh.
286 4437 328 4509 (11
368 4456 431 4492 cum
457 4440 525 4498 Cdd.
552 4444 593 4496 M.
621 4444 651 4498 L.
679 4445 715 4509 G.
744 4437 769 4499 ἱ).
794 4460 833 4497 oo
859 4444 988 4497 medetur
1013 4444 1060 4499 Cr.
1089 4442 1122 4494 V.
1143 4442 1223 4501 Gmt.
1245 4446 1280 4499 l).
1301 4449 1326 4497 1.
1347 4439 1394 4515 Br.

68 4513 110 4573 (·-
126 4511 275 4565 landaretur
296 4517 326 4569 P.
358 4514 463 4570 Differt
483 4532 574 4572 autem
594 4519 648 4572 hoe
667 4525 723 4572 nist
734 4519 821 4591 forte
841 4524 901 4573 alne
929 4518 1032 4583 verbo,
1066 4516 1100 4569 ab
1126 4515 1195 4582 illo,
1229 4513 1302 4588 quod
1329 4531 1395 4567 eum

68 4582 140 4639 verbo
165 4583 319 4651 tndteat‘ino
346 4589 431 4642 modo
457 4598 550 4664 posteo
576 4611 650 4651 recte
677 4601 810 4669 iungitur.
850 4596 1069 4657 coniunctivae,
1091 4594 1221 4667 quemh.
1241 4584 1403 4667 hminimiav

68 4653 176 4728 damno,
195 4662 287 4719 refert·
298 4666 415 4739 Epicuri
435 4683 496 4721 eam
515 4687 573 4723 esse
594 4675 765 4744 opinionem.
804 4669 854 4737 (11)
874 4689 888 4724 e
909 4661 978 4723 edd.
990 4670 1030 4736 ¹G.
1046 4677 1072 4728 2.
1086 4697 1123 4711 -
1138 4677 1234 4723 tamen
1246 4703 1263 4711 -
1278 4698 1298 4710 -
1313 4658 1400 4736 quum'

68 4729 160 4791 Ceteri.
186 4768 225 4782 -
251 4749 346 4792 terren
365 4774 384 4784 -
404 4773 423 4784 -
442 4743 516 4814 quod
542 4748 577 4798 l).
603 4763 677 4820 airsp.
703 4763 742 4802 oo
766 4754 860 4798 tamn
880 4778 899 4792 -
918 4776 937 4788 -
956 4749 1022 4816 qula
1049 4746 1095 4799 Br.
1115 4760 1190 4817 susp.
1212 4741 1291 4816 prob.
1310 4741 1395 4794 Beier
1416 4778 1419 4785 .

68 4805 200 4879 Fmdmm·
221 4814 318 4873 ormo
337 4835 365 4892 P·
387 4821 450 4876 20¹1.
489 4817 540 4894 (¹⁷)
560 4837 624 4875 cum
644 4821 712 4877 Cdd.
734 4823 775 4880 M.
796 4827 826 4874 in
845 4819 896 4879 Ed.
915 4825 1079 4894 posteriore.
1098 4821 1128 4877 L.
1149 4844 1184 4861 -
1208 4825 1298 4890 ipsunt
1320 4835 1393 4888 per-
1485 4851 1490 4857 -

67 4876 165 4946 fection
185 4890 214 4941 P.
235 4891 280 4945 Cr.
301 4892 334 4944 V.
354 4893 397 4946 Μ.
419 4897 500 4955 1455.
540 4893 590 4969 (11)
611 4914 675 4951 eum
697 4895 766 4951 Cdd.
789 4901 821 4951 V.
841 4897 924 4950 Grut.
947 4904 972 4954 1.
994 4895 1080 4966 Seqq.¹
1095 4915 1132 4951 =
1146 4893 1256 4968 pulchr.
1276 4903 1326 4947 tna
1341 4899 1394 4945 ta·
1417 4906 1419 4913 ’

72 4967 126 5010 men
144 4973 215 5015 esset
235 4964 304 5023 cdd.
326 4967 390 5040 aliq.
412 4969 443 5023 P.
463 4973 550 5025 Mart.
571 4973 613 5028 M.
633 4990 670 5032 z
689 4990 741 5026 siaa
758 4981 852 5027 tamen
871 4979 944 5023 esset
959 4969 1066 5044 pralodr.
1087 4971 1119 5023 l...
1140 4976 1188 5044 lh,
