3188 5492
190 412 288 509 ssss
540 398 548 428 ⁸
650 412 852 487 aunem
877 360 1139 485 annuamus
1205 430 1208 435 ·

166 634 169 643 ¹
218 557 529 637 emanaturas,
558 555 701 649 pibilque
723 556 865 624 biberat.
918 557 989 637 ,Cui
1010 581 1093 646 ego,
1118 559 1210 646 Opto
1236 558 1383 648 quidem,
1411 559 1525 648 ἱιιιῑιιιιι,

122 679 130 707 s
173 732 179 743 ,
223 651 296 732 tibi,
312 663 348 717 ut
363 652 454 717 istam
468 652 630 738 poemen
643 676 740 741 quam
753 653 935 739 coumrpisti
948 650 1174 738 complectaris
1188 655 1378 742 aliquando:
1394 678 1457 722 non
1466 661 1528 744 quel

217 768 269 813 ms
294 740 388 812 nimis
410 748 547 813 delectet
570 747 633 813 ista
657 748 836 832 perfectio,
868 751 925 814 sed
950 753 1040 835 quod
1062 750 1160 817 video
1181 762 1214 817 te
1238 764 1358 816 ιιιιιιιιι
1381 752 1527 831 ennias,

217 850 255 907 ut
275 840 338 907 nisi
367 841 498 908 fastidio
522 845 659 908 evadere
684 838 725 911 lb
749 844 815 910 boc
836 865 947 910 amore
968 867 1033 910 uon
1060 845 1190 929 possis,
1228 849 1318 933 quod
1334 846 1460 912 evenire
1478 859 1529 930 post

216 936 449 1027 perlectionem
470 936 566 1002 facile
587 938 684 1003 solet.
728 938 853 1005 Deinde
875 962 975 1026 quum
995 940 1040 1004 sis
1063 942 1146 1007 bene
1167 962 1327 1017 canorius,
1351 942 1451 1006 malim
1469 942 1530 1005 asuri·

216 1031 280 1097 bns
299 1030 420 1097 uostris
446 1031 584 1097 inculces
604 1044 679 1098 tuos
706 1055 838 1112 versus,
873 1056 968 1121 quam
986 1047 1024 1100 ut
1047 1035 1080 1100 in
1106 1036 1170 1103 iilis
1199 1036 1337 1101 Graecis
1363 1034 1529 1121 tragoediis,

215 1147 309 1191 more
329 1126 538 1206 avicularum,
558 1148 638 1213 quas
660 1128 694 1191 in
712 1128 819 1194 caveis
846 1129 986 1205 inclusas
1008 1130 1177 1210 videmus,
1201 1135 1301 1197 verba
1324 1150 1406 1216 quae
1430 1130 1531 1195 nonin

215 1219 336 1308 telligis
358 1233 482 1299 cantes.
541 1222 714 1289 Admoneo
736 1236 859 1302 tamen,
885 1235 921 1288 ut
942 1236 1063 1311 pergas
1084 1237 1221 1309 potum,
1259 1226 1288 1290 si
1312 1228 1424 1304 voles,
1460 1236 1487 1290 et
1505 1226 1532 1288 al

215 1317 359 1381 scholam
376 1319 489 1385 redeas
510 1329 676 1395 nostram,
699 1318 727 1383 si
744 1329 850 1384 tamen
873 1318 993 1404 aliquid
1013 1319 1074 1383 iam
1094 1322 1134 1387 de
1160 1333 1193 1385 te
1214 1320 1413 1407 Hortensiuq
1433 1332 1463 1382 et
1480 1319 1532 1402 phi·

214 1411 366 1494 losophia
391 1422 551 1489 meretur,
590 1413 643 1476 eui
673 1413 870 1478 dulcissimas
899 1412 1055 1496 primitias
1093 1414 1155 1481 iam
1184 1427 1295 1480 vestro
1324 1415 1383 1483 illo
1412 1435 1532 1479 sermone

215 1504 343 1582 libasti,
374 1504 480 1590 quite
506 1506 726 1589 veliementius
751 1529 847 1594 quam
868 1507 930 1572 ista
950 1508 1079 1591 poie'tica
1100 1509 1287 1577 incenderat
1309 1514 1349 1574 ad
1373 1530 1532 1595 magnarum

138 1680 145 1697 x
210 1606 249 1664 ‘et
274 1620 351 1665 vere
371 1600 613 1666 fructuosarum
640 1623 749 1668 rerrrnt
775 1602 955 1668 scientiam.
1011 1603 1075 1667 Sed
1100 1604 1175 1667 dnum
1199 1607 1239 1666 ad
1259 1601 1531 1684 istamndneipli·

213 1715 348 1771 narum,
379 1695 495 1781 mnibus
520 1697 715 1768 excoluntur
742 1696 874 1773 animi,¹
896 1696 1016 1765 circum
1044 1718 1201 1764 revocare
1223 1719 1284 1764 vos
1305 1698 1424 1783 cupio,
1447 1708 1530 1787 metm

213 1811 256 1855 ne
284 1788 380 1856 vobis
406 1789 607 1872 labyrinthus
633 1790 709 1869 liat,
758 1802 791 1859 et
821 1810 938 1874 propc'
955 1813 1005 1856 me
1040 1791 1184 1876 poenitet
1212 1793 1254 1856 ab
1286 1793 1344 1858 illo
1370 1805 1405 1857 te
1424 1788 1532 1873 ¹impetu

213 1884 423 1968 repressisse.
478 1887 619 1950 Erubuit
646 1885 719 1963 ille,
755 1886 965 1973 discessitque
995 1898 1031 1951 ut
1060 1885 1200 1952 biberet.
1258 1889 1343 1951 Nam
1371 1898 1405 1952 ct
1426 1885 1531 1948 multuu

214 1978 365 2057 sitiebat,
388 1989 422 2044 ct
442 1978 572 2069 occasio
588 1981 726 2047 dabatur
744 1976 884 2046 evitandi
902 2002 972 2058 me,
996 1981 1091 2064 plura
1112 1979 1255 2046 fortasse
1273 1991 1372 2067 atque
1391 1978 1532 2064 asperiora

215 2073 416 2139 dicterium·
495 2090 502 2133 ι
608 2106 619 2117 ,
872 2072 876 2093 ¹
1475 2070 1477 2073 ’

301 2170 337 2233 8.
359 2169 405 2234 Et
423 2191 522 2255 quum
537 2168 691 2249 redisset,
715 2171 842 2238 intentis
858 2171 1018 2250 omuibus,
1044 2170 1091 2236 sic
1105 2169 1220 2254 coepi:
1243 2171 1335 2237 Itane
1349 2182 1419 2247 est,
1442 2164 1531 2250 Alpi,

214 2275 254 2351 nt
269 2263 356 2330 iuter
373 2285 434 2329 nos
451 2267 490 2329 de
512 2285 551 2330 re
570 2265 650 2344 iam,
674 2277 711 2331 ut
727 2268 806 2334 mibi
826 2268 972 2343 videtur,
997 2264 1256 2333 manifestissima
1275 2287 1340 2330 uon
1363 2260 1533 2330 convenisti

213 2360 293 2429 Nun
308 2359 503 2441 minimest,
528 2359 648 2446 inquit,
671 2360 798 2446 siquod
812 2361 871 2428 tibi
889 2363 927 2426 in
935 2372 1089 2446 promptu
1110 2380 1180 2424 esse
1193 2359 1326 2436 adseris,
1343 2359 1423 2447 mibi
1440 2360 1533 2424 obscu-

105 2514 116 2527 .
214 2475 288 2520 rum
313 2453 380 2518 sit:
410 2450 567 2539 siqnidem
600 2454 755 2541 pleraque
784 2455 952 2521 manifesta
977 2453 1106 2538 possint
1133 2453 1202 2518 aliis
1239 2453 1480 2528 manifestiora,
1509 2461 1533 2513 u

212 2549 293 2613 item
315 2550 455 2613 obscura
477 2549 633 2631 qusaedam
659 2550 818 2615 nonnullis
841 2550 1031 2616 obsmmiora
1053 2568 1136 2613 esse.
1191 2549 1274 2643 Nam
1299 2548 1389 2614 si‘et
1411 2550 1471 2613 boc
1489 2542 1533 2608 tibi

214 2662 294 2708 vere
317 2640 518 2707 manifestum
540 2653 611 2718 est,
648 2641 724 2707 mibi
748 2649 861 2723 crede,
895 2666 968 2710 esse
998 2642 1093 2707 adum
1116 2661 1329 2728 quemquam,
1361 2641 1416 2707 cui
1440 2653 1469 2705 et
1486 2641 1533 2702 hoc

215 2735 415 2801 manifestum
445 2747 533 2801 tuum
564 2736 760 2804 manifestius
790 2741 854 2806 sit:
891 2739 1019 2806 etitem
1041 2737 1154 2814 alium,
1181 2736 1234 2800 cui
1255 2757 1359 2800 meum
1384 2739 1532 2802 obscurus

201 2829 452 2903 ,ubscuriussib
496 2832 562 2896 Sed
582 2853 623 2896 ne
641 2853 691 2897 me
712 2850 950 2921 perpugnacem
965 2830 1084 2916 diutius
1102 2841 1217 2915 putes,
1242 2828 1494 2906 obsecraverim,
1508 2835 1534 2888 ut

213 2924 503 3011 boc‘manisestnm
524 2925 719 2992 manifestius
744 2929 914 2993 edisseras.
965 2927 1133 3002 Attende,
1164 2924 1308 3010 inquam,
1336 2945 1458 3010 quaeso
1481 2918 1534 2984 dili·

207 3032 350 3107 ugentes,
385 3031 418 3083 et
439 3019 530 3102 quasi
556 3020 697 3102 seposita
719 3023 894 3104 paullulum
917 3019 1132 3104 respondendi
1157 3041 1248 3083 cura,
1303 3018 1338 3083 Si
1362 3019 1447 3082 enim
1471 3017 1534 3079 bene

215 3136 269 3181 me
293 3127 389 3199 atque
411 3125 445 3178 te
472 3113 573 3192 ιιοιί,
597 3114 691 3180 facile
709 3118 782 3183 data
805 3137 907 3200 opera
928 3115 1064 3181 clarebit
1086 3116 1174 3198 quod
1195 3114 1287 3190 dico,
1312 3125 1346 3178 et
1365 3113 1446 3176 alter
1464 3103 1535 3173 altei

182 3226 187 3233 ¹
215 3213 283 3279 cito
303 3209 524 3297 persuadebit.
581 3204 743 3314 lpixistine
765 3213 913 3287 tandem,
944 3228 984 3273 an
1007 3209 1149 3274 fortasse
1179 3210 1431 3284 obsurdueram,
1453 3197 1534 3269 vidui

166 3300 170 3313 '
200 3306 357 3392 sapienti
381 3326 417 3370 se
441 3303 525 3370 scire
545 3301 758 3386 sapientiam?
790 3305 928 3370 Annuit.
973 3303 1185 3378 Omittamus,
1209 3302 1358 3388 inquam,
1385 3298 1533 3386 paullulum
1576 3362 1577 3373 q

214 3401 313 3469 istum
338 3399 528 3489 sapientem.
586 3392 641 3462 Tu
662 3397 732 3482 ipse
751 3400 875 3483 sapiens
898 3421 952 3476 es,
977 3419 1017 3462 an
1039 3396 1129 3462 nou?
1160 3397 1268 3472 Nihil,
1292 3396 1415 3482 inquit,
1441 3391 1534 3458 minus·
1576 3482 1577 3485 Ἴ

215 3493 309 3562 Volo
331 3506 456 3573 tamen,
488 3493 640 3579 inquam,
666 3498 873 3578 respondeas
899 3492 996 3569 mibi,
1019 3491 1098 3578 quid
1126 3490 1198 3577 ipse
1218 3490 1334 3555 sentias
1353 3493 1393 3556 de
1417 3486 1535 3571 sapiente
1576 3494 1577 3503 ’

216 3590 432 3666 Academico,
463 3601 645 3653 utrumnam
669 3588 727 3653 tibi
751 3589 900 3654 uideatur
921 3588 1004 3653 scire
1024 3585 1235 3670 sapientiam?
1265 3587 1383 3650 Utrum
1407 3581 1479 3657 sibi,
1498 3577 1534 3641 in·

217 3684 301 3772 quit,
324 3684 407 3749 scire
422 3682 581 3763 videatur,
604 3706 643 3748 au
663 3681 756 3760 sciat,
781 3704 919 3748 rrnumne
941 3704 981 3746 an
1000 3681 1160 3746 diversum
1182 3679 1301 3764 putas?
1317 3680 1439 3744 'Metuo
1457 3671 1532 3746 enin,

107 3810 110 3817 “
213 3799 258 3845 ne
278 3781 359 3843 baec
379 3776 527 3844 conistsio
549 3778 698 3864 cuiquam
721 3790 867 3843 nostrum
889 3774 1063 3862 suffugium
1084 3777 1251 3858 praebeat.

171 3926 177 3946 .
304 3875 339 3939 9.
362 3875 440 3939 Hoc
461 3884 529 3949 est,
553 3872 693 3957 inquam,
718 3876 859 3937 'fuscum
881 3872 960 3937 illud
980 3873 1119 3958 isugium
1142 3874 1231 3958 qtrod
1253 3871 1315 3935 dici
1336 3870 1435 3945 solet,
1458 3882 1535 3952 quun

157 3976 185 4053 ’χ
218 3967 399 4055 quaestioni
419 3967 591 4033 intentatae
614 3988 680 4032 nou
699 3967 767 4032 eius
789 3966 929 4043 achatio,
954 3971 1011 4031 sed
1033 3967 1171 4047 alterius·
1189 3965 1330 4047 obiectio
1351 3957 1535 4027 videturne·

133 4132 136 4149 Ι
169 4106 174 4123 ι
218 4061 300 4128 deri.
356 4063 465 4144 Quod
481 4061 576 4126 etiam
605 4064 707 4143 po'e'ta
736 4073 850 4127 noster
877 4065 927 4142 (ut
955 4083 1005 4126 me
1035 4050 1229 4147 aliquantum
1257 4057 1400 4123 Licentii
1430 4053 1535 4155 attubus

218 4158 343 4238 dedam)
366 4159 518 4221 decenter
538 4155 570 4220 iu
592 4155 751 4221 Bucolico
773 4156 914 4221 carmine
934 4158 999 4220 boc
1021 4155 1216 4219 masticauum
1238 4165 1271 4218 et
1299 4153 1393 4236 plane
1420 4159 1535 4238 pastuu-

218 4253 305 4318 cium
326 4273 397 4318 ease
417 4250 587 4329 iudicavit,
627 4272 726 4335 quum
748 4249 829 4315 alter
851 4252 984 4316 alterum
1005 4251 1205 4334 interrogat,
1237 4248 1294 4319 ubi
1323 4245 1409 4317 caeli
1422 4239 1535 4343 spatiuut

216 4368 284 4412 uon
306 4345 442 4429 amplius
464 4366 559 4431 pram
582 4355 649 4409 tres
670 4346 761 4410 ulnas
782 4356 911 4429 patente
936 4345 991 4410 ille
1013 4356 1140 4409 anatem:
1166 4344 1245 4419 Dic,
1262 4341 1388 4428 quibus
1403 4340 1540 4434 inim?

212 4441 376 4527 ,inscripti
393 4441 536 4506 nomina
548 4444 686 4525 Regum
700 4440 1028 4535 nascunturflores.
1061 4439 1160 4519 erod
1174 4428 1309 4521 quinceu,
1322 4466 1325 4475 «
1337 4431 1446 4515 Alypi‚
1469 4441 1535 4528 neu

165 4592 167 4595 .
215 4536 293 4601 villa
315 4533 410 4600 nobis
438 4534 537 4599 licere
558 4534 724 4600 arbitreris
735 4558 749 4598 ι.
778 4545 872 4599 certe
904 4533 1058 4598 velistae
1082 4532 1250 4596 balneolae
1273 4530 1534 4615 aliquantenus

216 4629 457 4717 gymnasiorum
476 4628 597 4694 faciant
618 4614 895 4694 recordationem:
930 4629 1043 4704 adid,
1068 4627 1094 4691 si
1115 4628 1241 4710 placet,
1266 4628 1356 4710 quod
1375 4643 1473 4708 rogos
1493 4631 1532 4675 ἴθ’

144 4716 148 4723 Χ
215 4729 353 4811 sponde.
408 4722 589 4789 Videtur-ne
618 4723 677 4788 tibi
706 4724 831 4805 sapiens
860 4721 1131 4788 Academicorum
1162 4721 1247 4785 scire
1267 4711 1469 4805 sapientiam?
1496 4705 1532 4810 lit

216 4823 320 4886 verba
341 4818 452 4886 verbis
474 4820 668 4897 referendo,
700 4817 822 4903 inquit,
854 4816 886 4881 iu
910 4818 1052 4913 longum
1066 4837 1193 4890 eamrrs,
1227 4806 1470 4879 videtur·videri
1487 4798 1532 4865 ubl

216 4912 315 4977 scire.
375 4912 526 4978 Videtur.
545 4935 646 4996 crgo,
681 4913 827 4998 iuquam,
859 4910 918 4975 tibi
940 4911 1093 4974 nescire?
1126 4913 1202 4975 Nou
1228 4910 1311 4974 enim
1337 4929 1400 4995 ego
1421 4911 1530 4998 quaero,

218 5007 295 5093 quid
315 5006 374 5072 tibi
396 5008 541 5073 videatur
563 5005 667 5073 videri
687 5005 844 5091 sapienti,
873 5008 932 5070 sed
952 5016 1059 5070 utrum
1081 5005 1140 5070 tibi
1163 5005 1311 5073 videatur
1330 5002 1449 5086 sapiens
1467 5002 1530 5056 sure
