3252 5490
349 380 1074 537 ,2,mew„uuna'g
1233 504 1238 511 ,
1330 430 1391 494 us
1491 376 1576 485 s'

74 586 214 658 arbitratu
230 604 315 648 meo.
358 574 404 647 Ut
417 581 543 664 placet,
565 581 680 669 inquit.
724 581 798 647 Etsi
814 580 915 645 enirn¹
937 578 1015 645 illud
1031 576 1239 662 erat-aptius,
1254 590 1391 662 aequum

73 681 175 766 cuique
196 681 385 743 concedere.
938 682 943 687 ’
1038 672 1047 685 '

79 800 87 817 .
149 775 194 837 ll.
219 773 250 835 3.
274 771 433 835 Existimo
450 770 583 856 igitur&
605 771 755 855 inquam,
779 769 883 845 Cato,
909 783 1040 846 veteres
1051 773 1123 836 illos
1141 761 1287 835 Platonis
1303 761 1431 839 aridi7,
1541 760 1544 767 ’

72 883 170 944 tores,
193 865 426 950 Speusippum,
449 866 682 942 Aristotelem,
704 867 941 940 Xenocratem
964 868 1077 930 deinde
1100 885 1212 930 eorum
1228 859 1392 925 roteno-
1499 883 1511 893 ·

71 985 151 1038 nem,
176 962 454 1043 Theophrastum,
476 962 556 1025 satis
573 960 777 1042 etcopiose,
795 971 827 1024 et
842 961 1005 1045 eleganter
1021 958 1169 1024 habuisse
1185 954 1392 1029 constitutam

72 1054 272 1138 disciplinam,
297 1066 333 1118 ut
347 1075 411 1118 uon
424 1052 511 1133 'esset
526 1072 620 1118 carisa
634 1051 784 1129 Zenoni,
809 1052 907 1138 qiium
921 1055 1132 1120 Polemonem
1152 1044 1309 1122 audisset,
1334 1044 1393 1117 eur

72 1163 100 1229 et
116 1154 209 1213 abeo
227 1149 318 1234 ipso,
341 1160 375 1212 et
395 1170 411 1210 a
432 1148 657 1231 superioribus
676 1147 862 1211 dissideret:
887 1169 1023 1231 quorum
1042 1148 1103 1212 suit
1120 1150 1200 1211 haee
1216 1139 1391 1219 institutiop

70 1244 98 1309 in
114 1265 172 1327 qua
190 1243 424 1309 animadvertat
443 1242 558 1320 velim,
582 1242 658 1329 quid
675 1252 771 1326 putes
790 1244 1004 1318 mittandum³‚
1030 1265 1089 1307 nec
1109 1250 1295 1323 exspectes,
1320 1234 1393 1309 dum

71 1341 104 1400 ad
122 1338 222 1402 omnia
244 1336 365 1412 dicam,
389 1359 470 1422 quae
490 1359 507 1400 a
530 1339 585 1401 te¹
607 1337 692 1401 dieta
715 1348 807 1401 sunt:
842 1336 991 1401 universa
1015 1337 1096 1400 enirn
1114 1336 1241 1403 illorum
1264 1327 1394 1407 anione

71 1454 132 1497 caim
146 1444 212 1497 tota
231 1441 340 1495 vestra
360 1426 596 1516 confligendum
610 1442 704 1514 puto.
738 1432 770 1494 lt.
788 1429 854 1511 Qui
868 1452 964 1515 quum
980 1431 1145 1507 viderent,
1168 1430 1215 1491 ita
1229 1416 1310 1489 rios⁵
1324 1439 1392 1482 esse

71 1539 171 1601 natos,
194 1537 230 1590 ut
252 1537 285 1588 et
307 1526 518 1611 eommiiniter
540 1528 591 1593 ad,
604 1545 658 1589 eas
681 1523 815 1601 virtutes
837 1523 904 1611 apti
925 1545 1082 1600 essemus,
1107 1544 1188 1609 quae
1206 1531 1299 1584 notae
1319 1515 1394 1589 illu-

26 1678 29 1685 ,
71 1632 204 1705 stresque
222 1632 318 1695 scint,
338 1618 488 1685 iustitiar'n
508 1620 601 1694 dico,
624 1618 884 1702 temperantiam,
915 1618 1062 1683 ceteras¹
1084 1617 1210 1705 generis
1233 1612 1411 1689 eiusdem,

71 1715 155 1797 (quae
185 1733 296 1776 omnes
321 1713 439 1775 similes
465 1713 578 1777 artium
607 1714 826 1797 reliquarum,
857 1713 987 1777 materia
1012 1725 1133 1777 tantum
1163 1715 1203 1776 ad
1230 1707 1393 1773 meliorem
1418 1764 1423 1769 ,
1478 1780 1484 1789 ,

33 1822 41 1838 ·
70 1807 213 1888 partemi-
234 1820 266 1870 et
292 1808 484 1873 tractatione
509 1807 704 1889 differenti)
738 1809 876 1892 easque⁸
899 1809 985 1891 ipsas
1008 1809 1143 1872 virtutes
1166 1806 1312 1871 viderent
1333 1817 1394 1866 nos

70 1902 310 1986 magnificentius
338 1911 489 1985 appetere
516 1914 560 1967 et·
573 1902 753 1976 ardentium
785 1904 905 1967 babere
929 1904 1024 1967 etiam
1048 1903 1198 1967 insitam¹¹
1215 1899 1392 1985 quandam,

71 1994 117 2056 rel
137 1994 244 2077 potius
263 1996 405 2060 innatam
425 1998 630 2080 cupiditatem
649 1997 816 2072 sciemiae,
841 2008 999 2082 natosque
1013 2019 1085 2061 esse
1101 2001 1143 2061 ad
1156 1987 1410 2079 eongregatiof*

71 2108 133 2151 nun
154 2088 318 2154 hominum
338 2102 369 2154 et
389 2092 428 2153 ad
443 2093 627 2157 societatem
643 2092 964 2176 communitatemque
982 2093 1109 2177 generis
1123 2090 1271 2165 humani,
1294 2102 1394 2168 eaque

69 2179 96 2243 in
115 2182 253 2245 maximis
272 2184 409 2269 ingeniis
433 2186 568 2250 maxime
588 2187 737 2249 elucere:
755 2197 866 2248 totam
888 2185 1123 2269 philosophiam
1145 2198 1211 2248 tres
1232 2183 1266 2246 in
1287 2189 1396 2263 partes

17 2286 18 2291 ’
70 2276 253 2353 diviserunt3
278 2299 373 2362 quarn
390 2279 595 2361 partitionem
610 2300 629 2341 a
645 2281 779 2343 Zenone
788 2290 946 2352 retentam
957 2301 1030 2343 esse
1038 2283 1065 2320 ¹⁰
1077 2279 1232 2344 videmus.
1256 2275 1289 2340 5.
1306 2272 1398 2357 Quas·

70 2388 131 2431 rum
148 2392 244 2453 qaum
267 2393 330 2435 una
348 2370 406 2448 sit,
431 2395 493 2456 qna
515 2394 625 2438 mores
643 2368 875 2437 conformari¹¹
896 2384 1067 2455 putantum
1090 2373 1206 2455 differo
1229 2380 1297 2435 eain
1319 2386 1396 2450 pat·-

73 2472 147 2538 tom,
168 2458 364 2550 quaequasi
378 2467 474 2551 stirps
490 2466 540 2531 'est
551 2466 650 2531 lartius.
659 2466 876 2553 quaestionis:
900 2466 955 2552 qui
969 2465 1009 2529 sit
1024 2464 1106 2531 enim
1127 2468 1199 2543 finis
1219 2469 1394 2533 bonorum,

17 2590 21 2629 s
71 2576 158 2621 mox:
186 2562 251 2624 hoe
272 2561 349 2624 loco
367 2572 487 2626 tantum
507 2562 602 2645 dico,
625 2571 654 2625 'a
680 2561 842 2625 veteribus
863 2559 1091 2642 Peripateticis
1111 2557 1394 2640 academicisque,

17 2666 28 2724 ζ,
72 2650 119 2734 qui
138 2674 172 2717 re
193 2654 431 2721 consentientes
453 2656 620 2721 vocabulis
642 2656 857 2730 diffeiebant,
877 2656 983 2719 euin¹¹
1005 2655 1130 2733 locum,
1154 2670 1249 2741 quern
1268 2649 1397 2715 civilem
1412 2672 1427 2680 ·

19 2806 20 2813 χ
72 2756 150 2809 recte
181 2747 373 2831 appellaturi
399 2750 562 2832 videmur,
600 2751 768 2832 (Graeci¹³
796 2743 1004 2828 notariam.)
1031 2751 1236 2836 graviteret
1261 2745 1398 2829 copiose
1415 2820 1431 2828 μ

18 2871 21 2929 t
71 2852 333 2911 essetraetatunr.
427 2866 431 2878 ·
535 2916 538 2929 .

18 2968 21 3004 i
121 2935 211 2999 tlt.
244 2937 350 3018 Quam
381 2939 478 3002 multa
506 2939 551 3004 illi
583 2943 621 3004 de
651 2962 688 3005 re
714 2939 841 3024 publiea
865 2938 1081 3023 scripserunt!
1120 2935 1338 3024 quammulta
1356 2933 1398 2994 dia

70 3026 205 3112 legibus!
224 3051 325 3116 quam
343 3033 442 3095 rnnlta
461 3054 525 3099 non
545 3035 648 3099 solnm
667 3047 840 3118 praecepta
856 3034 890 3096 in
905 3033 1042 3109 artibus,
1068 3036 1123 3096 sed
1142 3033 1235 3097 etiam
1249 3027 1396 3110 exempla
1479 3068 1483 3081 .

70 3118 96 3181 in
116 3124 347 3205 orationihus¹¹
370 3129 451 3191 bene
473 3127 596 3192 dicendi
617 3128 835 3212 reliquerunt!
858 3125 1006 3194 Primum
1025 3128 1107 3190 enim
1126 3127 1197 3209 ipsa
1217 3126 1290 3199 illa,
1315 3143 1396 3209 quiae

19 3250 21 3283 t
70 3216 217 3281 subtiliter
240 3219 424 3284 disserenda
447 3234 555 3299 erant,
586 3222 686 3305 polite
708 3235 844 3308 apteque
855 3212 1029 3296 dissertant,
1063 3231 1129 3283 tum
1140 3223 1166 3260 ¹⁵
1189 3218 1394 3291 definientes,

69 3317 126 3370 tuan
141 3312 340 3392 'partientem
373 3327 409 3378 ut
431 3315 531 3379 vestri
556 3317 667 3379 etiamr
701 3320 759 3380 sed
784 3337 846 3379 ros
867 3314 1059 3400 squalidius3
1093 3314 1242 3390 illorum,
1282 3312 1395 3385 vides,

19 3436 21 3471 i
69 3424 153 3485 quain
167 3405 266 3470 niteat
287 3408 407 3473 oratio.
452 3411 484 3473 h.
501 3410 626 3475 Deinde
642 3430 698 3487 ea,
723 3431 806 3496 qnae
824 3408 1033 3494 requirebant
1052 3410 1230 3472 orationem
1250 3417 1396 3471 ornatam

19 3530 21 3543 =
70 3507 96 3556 tt
110 3517 251 3581 gravem,
268 3525 362 3586 quam
379 3503 547 3588 magnifiee
558 3515 631 3567 sunt
646 3503 730 3568 dieta
744 3507 783 3567 ab
799 3504 879 3567 illis!
896 3503 1171 3586 quimsplendide
1185 3506 1193 3569 l
1208 3505 1246 3565 de
1262 3491 1412 3575 iustitia,'

70 3589 102 3652 de
115 3592 313 3674 fortitudine,
338 3600 377 3661 de
396 3596 543 3676 amicitia,
564 3601 605 3661 de
622 3609 724 3663 aetate
742 3601 898 3682 degenda,
922 3599 961 3660 de
978 3597 1203 3680 philosophia,
1227 3599 1267 3659 de
1282 3614 1395 3678 capes·
1419 3663 1422 3668 Α

20 3720 21 3743 t
70 3688 155 3749 aenda
176 3691 380 3774 republica,
405 3694 445 3755 de
466 3691 694 3774 temperantia;
718 3692 803 3756 ¹¹nee
818 3690 916 3757 'more
937 3692 1100 3759 hominum
1120 3712 1179 3755 acu
1206 3689 1397 3845 spinas*

130 3965 169 4034 (¹)
186 3982 225 4020 eo
244 3984 300 4021 om.
319 3972 393 4020 enlm
413 3969 500 4021 Mars.
522 3968 565 4023 M.
584 3969 616 4022 L.
637 3967 717 4042 proh.
738 3967 773 4023 G.
795 3969 898 4040 (Atque
918 3968 1109 4042 transponunt
1118 3966 1190 4020 illud
1200 3971 1275 4037 enim
1292 3968 1323 4022 P.
1335 3966 1399 4033 Cr.)
1422 4018 1434 4033 .

66 4033 107 4092 Sic
124 4056 218 4096 sensns
239 4048 309 4096 erit:
330 4048 413 4109 „etsi
434 4058 494 4097 erat
515 4050 628 4117 aptius,
652 4043 800 4115 adeatque
822 4042 996 4109 concedere,
1018 4041 1091 4117 qnod
1112 4048 1165 4118 ipsi
1186 4058 1305 4115 aequum
1324 4039 1400 4095 vide·

65 4117 158 4174 retut.’'
184 4118 306 4171 Nostrae
327 4137 391 4172 vero
410 4119 453 4172 l.:
478 4125 558 4185 „etsi
582 4119 631 4172 illo
651 4117 736 4172 modo
757 4119 923 4191 respondere
943 4124 1034 4193 aptius
1054 4134 1133 4186 erat,
1161 4105 1278 4191 aequum
1305 4132 1400 4171 tamen

65 4205 119 4257 est,
149 4199 188 4257 (et
215 4203 258 4245 est
284 4192 404 4248 fortasse
433 4195 540 4248 excidit
561 4211 676 4268 propter
695 4198 795 4266 script.
814 4196 981 4267 aequnm'st)
1003 4211 1119 4268 aequum
1140 4210 1234 4248 tamen
1254 4199 1312 4266 ipse
1333 4209 1403 4246 een.
1428 4216 1430 4219 ·

66 4279 122 4331 teo,
154 4273 252 4342 eoique
279 4268 322 4343 (in
345 4270 495 4324 levioribus
516 4270 653 4324 eiusmodi
674 4268 770 4343 rebus)
790 4270 968 4338 concedere..
993 4272 1031 4324 Ut
1052 4275 1195 4341 amictuque
1214 4268 1248 4321 de
1268 4269 1305 4323 G.
1325 4284 1399 4340 susp.
1492 4296 1501 4315 κ

66 4336 179 4412 legatur,
201 4362 314 4399 neeesse
335 4364 392 4399 non
412 4361 463 4400 eet.
483 4375 522 4388 -
539 4347 605 4401 Etsi
623 4346 696 4398 illud
712 4354 777 4397 erat
797 4352 927 4418 aspiciare,
948 4350 1029 4398 riuum
1049 4351 1145 4418 cuique
1164 4362 1241 4398 conc.
1263 4344 1293 4397 L.
1314 4341 1343 4401 G.
1364 4371 1401 4384 ·-
1448 4347 1451 4352 ’
1478 4348 1484 4361 '

66 4412 123 4468 Etsi
140 4424 211 4471 enim
230 4421 303 4474 illud
320 4431 384 4473 erat
403 4427 513 4495 aptius,
543 4422 595 4475 hoe
622 4428 718 4473 tamen
737 4440 851 4493 aeqieum
870 4427 966 4492 carique
985 4426 1062 4474 conc.
1084 4422 1150 4475 Seh.
1172 4429 1197 4475 ‘.’.
1218 4417 1249 4475 C.
1299 4416 1338 4493 (²)
1366 4446 1400 4478 ·.·
1460 4446 1465 4467 a
1545 4442 1551 4451 ¹

68 4505 117 4545 om.
128 4499 227 4565 ’igitur
246 4498 275 4550 Ρ.
296 4498 343 4552 M.
358 4496 391 4554 L.
410 4497 514 4572 (Habet
534 4496 582 4573 V.)
621 4495 718 4571 (ὒν-ν
736 4506 804 4551 mia.
821 4506 905 4569 preter
926 4497 999 4570 Spin.
1018 4497 1078 4550 Eri.
1096 4495 1130 4550 V.
1179 4493 1218 4571 (¹)
1239 4499 1286 4549 Sic
1306 4499 1348 4550 Μ.
1369 4494 1400 4546 L.
1512 4500 1523 4513 ⁸

26 4628 31 4639 ἱ
69 4563 140 4641 Seq'q.
167 4598 203 4613 ι·
229 4580 296 4624 ante
324 4571 393 4628 Cdd.
414 4572 513 4649 pleriq.
534 4574 566 4628 P.
585 4575 632 4627 Cr.
654 4573 684 4626 t.
733 4571 771 4648 (⁵)
786 4592 830 4626 =··..:
849 4591 902 4626 nos
920 4577 963 4625 ite
983 4577 1013 4628 P.
1028 4573 1078 4626 M.
1098 4573 1129 4625 L.
1182 4568 1220 4646 (⁶)
1241 4586 1307 4623 eum
1328 4569 1418 4641 Spin..

68 4638 119 4697 Eri.
138 4642 172 4700 G.
194 4650 220 4701 2.
239 4680 276 4719 ··.·
291 4657 452 4720 ceteraeque
471 4647 573 4703 Ceteri.
602 4646 641 4722 (¹)
661 4676 701 4690 -ε
716 4652 797 4701 llaec.
809 4650 850 4700 ad
868 4650 932 4702 mel.
950 4658 1066 4720 partem
1084 4662 1213 4720 suspecta·
1232 4647 1264 4700 L.
1284 4661 1311 4698 et
1325 4643 1402 4719 hall·

70 4713 102 4789 (ὓ)
120 4750 153 4764 -
172 4739 322 4794 caeparum
342 4724 377 4777 D.
397 4740 473 4797 susp.
513 4719 552 4799 (Β)
573 4752 606 4768 -
628 4728 797 4794 insitamque
815 4726 849 4777 V.
870 4752 908 4767 -
925 4723 1072 4798 infinitam
1091 4725 1157 4778 Sela.
1179 4728 1205 4776 2.
1225 4740 1278 4774 err.
1294 4735 1402 4794 typogr.

24 4850 30 4861 ,
69 4792 112 4857 (¹⁰)
136 4791 266 4850 Fortasse⁴
288 4799 352 4854 del..
370 4819 394 4853 v.
415 4818 491 4864 esee,
507 4816 549 4853 ot
569 4799 845 4864 viteturbexametri
866 4802 964 4854 exitus.
1017 4797 1068 4873 (¹¹)
1086 4800 1125 4851 eh
1143 4795 1315 4869 confirmari
1332 4793 1402 4849 Cdd.

70 4867 96 4925 ¹¹.
113 4871 144 4925 V.
192 4870 243 4946 (¹¹)
261 4890 299 4928 oo
318 4876 398 4926 illum
418 4875 491 4949 Spir.
512 4874 570 4927 Erl.
618 4872 670 4949 (¹³)
690 4891 755 4928 enin
776 4874 846 4931 Cdd.
867 4879 898 4929 V.
921 4883 946 4933 1.
967 4875 1048 4948 seqq.
1069 4887 1109 4916 -·
1127 4874 1235 4926 Graece
1257 4874 1287 4927 P.
1308 4870 1350 4925 M.
1370 4870 1402 4933 L.

23 4986 24 4989 η
69 4939 100 4995 P·
136 4946 184 5013 (¹¹)
206 4977 239 4990 -·
259 4951 419 5003 rationibus
438 4952 473 5004 G.
494 4951 565 5003 miri
580 4948 610 5006 d.
631 4949 724 5026 (artes
741 4967 807 5005 snut
827 4955 929 5024 scripta
950 4946 1128 5028 iowteptuoi,
1146 4955 1301 5015 orationes,
1326 4944 1402 5017 ἕξω-

70 5027 188 5095 teperet.)
227 5020 276 5099 (¹⁵)
297 5045 311 5079 o
330 5026 402 5082 Cdd.
426 5029 459 5081 G,
480 5032 506 5082 2,
527 5049 565 5084 g
583 5045 666 5096 piciens
685 5028 787 5079 Ceteri.
864 5034 873 5049 ‘
1136 5024 1140 5029 ⁴

1188 5140 1196 5174 i
