3288 5490
905 172 908 178 ’
988 170 999 207 l

550 403 645 477 Lm.
668 402 717 468 11.
763 401 805 481 e,
832 405 883 504 m
909 405 1004 469 aa
1117 389 1120 395 ’
1389 404 1430 473 eo

101 551 279 630 adspectum
308 546 384 610 solis
415 542 591 616 sive'deirs
626 544 778 629 aliquis',
818 545 886 610 sive
909 557 1021 609 natirra
1051 549 1229 625 ademerat,
1265 549 1335 613 sive
1362 550 1429 614 cius

95 646 174 719 loci,
213 665 307 727 quem
340 638 541 718 incolebant,
577 641 672 716 situs,
706 642 797 724 ignes
824 652 928 705 tannen
952 645 1100 719 aderant,
1139 646 1278 728 quorum
1300 645 1360 711 illis
1383 646 1429 710 uti

91 741 200 804 lumine
223 740 340 801 licebat
350 738 362 800 ἑ
397 736 451 798 isti
474 748 595 811 antean,
620 724 702 817 quos
726 747 760 797 tu
782 739 922 817 probas,
948 739 1044 801 tantis
1068 741 1180 803 offusis
1203 741 1362 815 tenebris,
1388 763 1428 803 ne

94 835 255 899 scintillam
281 833 405 918 quidem
430 831 523 893 ullam
555 831 648 893 uobis
672 831 711 890 acl
734 829 983 910 dispiciendum²
1016 833 1227 917 reliquerunt.
1289 835 1379 913 Quos
1401 836 1429 899 si

92 948 276 1013 sequamur,
300 926 358 989 iis³
382 927 517 988 vinculis
541 927 638 991 sitnm
660 925 821 999 adstricti,
847 936 881 986 ut
904 946 963 988 sios
980 930 1206 990 commoverel
1222 934 1425 1012 nequeamus.

92 1024 140 1084 62.
166 1023 299 1084 Sublata
320 1021 402 1083 enim
424 1020 630 1100 assensione,
654 1030 778 1080 oiimcm
795 1031 826 1079 et
842 1030 961 1083 motum
978 1021 1153 1085 anisum-nm
1168 1067 1188 1103 ,ἲ
1201 1032 1233 1085 et
1249 1020 1427 1099 actionem⁵

89 1141 189 1180 rerum
211 1108 423 1179 sustuleruntss
484 1115 581 1193 Quod
604 1134 668 1174 non
690 1116 787 1176 modo
811 1126 899 1176 recte
920 1116 1014 1191 ficei,
1040 1119 1095 1185 sed
1117 1117 1245 1181 omnino
1268 1116 1339 1179 fieri
1361 1140 1427 1181 non

89 1223 202 1299 potest.
248 1209 417 1274 Provide⁶
440 1206 551 1282 etiam,
578 1228 616 1269 ne
639 1207 693 1287 riui
716 1207 775 1269 tibi
793 1207 885 1291 istam
909 1210 1091 1272 sententiam
1116 1210 1242 1273 minime
1259 1211 1351 1273 liceat
1371 1214 1427 1275 de·

88 1300 223 1368 sendere.
248 1304 303 1366 Au
321 1314 354 1364 tu
364 1303 389 1377 ⁷,
404 1325 511 1386 'quum
530 1323 581 1364 res
599 1301 830 1364 occultissimas
848 1305 1011 1384 aperueris
1030 1304 1264 1386 inlueemque⁸
1280 1306 1426 1385 protule-

82 1399 146 1481 ris,
170 1398 361 1481 iuratusque
382 1396 523 1471 dixeris,
563 1400 602 1458 ea*
621 1408 652 1459 te
672 1397 887 1481 comperisse3
912 1399 1013 1479 (quod
1029 1397 1104 1460 milii
1121 1419 1250 1482 quoque
1266 1398 1436 1476 lieebal⁹,·

90 1494 138 1578 qui
152 1516 192 1555 ex
214 1505 250 1596 tq
274 1492 328 1555 illa
339 1493 366 1530 ¹⁰
385 1513 605 1576 cognoveram
616 1492 639 1568 ς)
660 1491 809 1574 negabis,
832 1510 901 1552 esse
916 1512 989 1559 rein
1009 1493 1125 1568 ullam,
1151 1506 1232 1576 quae
1245 1495 1422 1576 cognosci,
1465 1502 1468 1515 '

89 1587 332 1671 comprehendi,
356 1587 480 1669 percipi
495 1585 622 1669 possit?
644 1585 918 1667 Vide‚'quaesd,
941 1585 1033 1648 etiam
1051 1599 1145 1670 atque
1160 1586 1272 1662 etiam,
1297 1610 1337 1650 ue
1353 1590 1424 1652 illa-
1507 1658 1510 1661 Α

89 1705 151 1761 eum
171 1704 303 1766 quoque
319 1703 426 1744 rernm
450 1681 734 1762 pulcherrimarum
751 1698 767 1740 a
787 1690 818 1740 te
833 1680 903 1760 ipso
925 1679 1084 1743 ririnuatnr
1100 1680 1287 1744 alletoritas.
1330 1684 1425 1764 (lirae

90 1799 177 1862 quum
198 1770 333 1839 dixisset
348 1776 421 1849 ille,
445 1776 539 1838 finem
554 1775 643 1837 lecit.
690 1772 744 1833 03.
770 1772 965 1836 Hortensius
985 1785 1089 1839 autem
1107 1777 1311 1839 vehementer
1326 1778 1426 1839 admi-

89 1892 175 1943 rans,
200 1873 306 1954 (quod
322 1870 445 1956 quidem
462 1881 620 1952 perpetuo
638 1867 779 1929 Lucullo
797 1867 969 1952 loquente,
994 1870 1117 1933 lecerat
1127 1917 1135 1946 ‚
1161 1881 1196 1933 ut
1210 1871 1301 1932 etiam
1315 1892 1424 1933 maritis

90 1985 175 2047 saepe
190 1965 343 2037 tolleret;
368 1973 426 2027 ne'c
442 1964 575 2038 mirum,
599 1984 669 2024 iiam
687 1982 844 2044 utinquam
861 1963 1004 2025 arbitror
1019 1976 1131 2029 contra
1148 1965 1352 2028 Academiam
1376 1966 1425 2026 di·
1513 2022 1516 2026 .

90 2071 165 2120 ctum
189 2079 261 2122 esse
286 2056 462 2135 subtilius)
485 2079 534 2119 me
557 2078 707 2140 quoque,
732 2056 901 2130 iocansne,
927 2036 967 2118 aii
988 2058 1031 2119 ita
1054 2059 1211 2134 sentiens,
1236 2046 1421 2140 (non‘enim
1468 2054 1470 2061 ’

90 2153 157 2215 satis
176 2152 439 2236 intelligebam,)
462 2153 570 2232 coepit
585 2150 737 2224 hortari,
754 2160 799 2211 ut
821 2152 975 2213 sententia
998 2152 1195 2216 desisterem.
1241 2154 1324 2216 'l'nm
1348 2155 1425 2218 mihi

91 2245 233 2324 Catulus,
275 2246 310 2310 Si
332 2259 382 2322 te,
408 2246 529 2330 inquit,
553 2244 683 2307 Luculli
705 2244 810 2307 oratio
832 2245 942 2320 flexit,
969 2268 1051 2330 quae
1073 2257 1121 2309 est
1143 2248 1248 2311 habita
1272 2247 1425 2312 memori-⁴

89 2351 147 2418 ter,
171 2351 341 2415 accurate,
367 2340 519 2422 copiose,
543 2351 658 2413 tacoo;
682 2359 785 2422 neque
799 2350 850 2414 te,
869 2361 934 2423 quo
950 2343 1051 2404 minus
1063 2387 1072 2417 ,
1083 2342 1117 2410 ,si
1131 2342 1190 2405 tibi
1204 2343 1246 2404 ita
1263 2343 1420 2416 videatur,

20 2514 21 2517 Ἴ
91 2437 269 2499 sententiam
288 2447 409 2512 mutes,
434 2437 654 2498 deterrendum
670 2445 763 2516 puto.
805 2434 896 2497 Illud«
909 2455 988 2499 vero
1004 2458 1068 2497 non
1084 2436 1280 2512 censuerim,
1304 2448 1339 2499 ut
1355 2437 1423 2503 eius

20 2524 22 2543 '
91 2530 272 2594 anctoritate
285 2552 450 2594 moveare.
487 2534 626 2592 'santum
641 2529 722 2591 enim
738 2549 802 2593 non
818 2540 850 2591 te
875 2526 1052 2606 monuit¹¹,
1077 2530 1179 2615 inquit
1199 2531 1362 2605 arridens,
1386 2541 1423 2592 nt

20 2680 21 2687 ,
90 2644 230 2699 caveres,
256 2625 392 2709 nequis
417 2626 582 2707 improbus
606 2622 750 2685 tribunus
773 2623 894 2704 plebis,
920 2645 1058 2705 quorum
1079 2625 1167 2688 vides
1188 2636 1303 2708 quanta
1328 2623 1423 2705 eopia
1453 2664 1456 2671 ,

20 2710 22 2763 ἶ
90 2738 206 2801 semper
217 2719 327 2782 futisra
343 2721 402 2795 sit,
418 2721 574 2805 arriperet
585 2729 630 2793 te,
646 2716 718 2779 etin
732 2717 887 2780 concione
899 2730 1082 2802 quaereret,
1101 2708 1154 2802 qul
1170 2718 1231 2781 tibi
1241 2729 1419 2792 constares,
1466 2734 1469 2739 ¹

93 2800 178 2896 quuui
187 2814 270 2876 idem
284 2836 419 2900 negares
432 2818 603 2900 quidquam
616 2811 694 2875 certi
709 2833 806 2893 posse
818 2812 968 2893 reperiri,
982 2813 1064 2875 idem
1077 2826 1108 2876 te
1120 2813 1314 2894 comperisse
1324 2810 1423 2874 dixis·
1441 2865 1443 2868 ,

91 2926 147 2977 ses.
170 2909 259 2983 Hoc,
284 2919 419 2992 quaeso,
432 2915 517 2972 'esve
526 2910 552 2948 ¹2
572 2912 611 2971 rie
626 2920 659 2970 te
673 2917 805 2968 terreat.
830 2906 882 2969 De
894 2928 988 2968 causa
1000 2918 1104 2969 autem
1117 2905 1220 2988 ipsa¹³
1233 2908 1336 2969 saalim
1349 2906 1423 2990 qui-

21 3074 22 3077 *
92 3000 153 3061 dem
174 3004 241 3064 te1l⁴
267 3005 313 3069 <ab
335 3004 400 3068 hoc
424 3000 602 3069 dissentire.
657 3000 891 3087 Sincesseris,
915 3023 980 3064 non
1003 3021 1118 3085 magno
1142 3021 1246 3081 opere
1263 2999 1419 3063 mirabor.

20 3094 21 3097 ’
91 3091 215 3159 Memini
246 3098 330 3160 enim
366 3097 562 3162 Antiochum
594 3096 715 3177 ipsum,
751 3088 848 3179 quum
881 3118 980 3159 annos
1010 3093 1225 3160 multostelia
1246 3093 1417 3169 sensisset,

91 3186 231 3252 simulac
253 3187 357 3254 visum
381 3193 439 3270 sit,
477 3191 633 3255 sententia
654 3189 828 3254 destitisse.
871 3192 963 3254 Haec
985 3212 1082 3277 quum
1104 3187 1235 3252 dixisset
1260 3186 1419 3265 Catulus,
1472 3216 1490 3245 ι,

20 3288 539 3379 γΠηοιηιηειηῑιιενᾯ,
982 3290 1101 3317 ’“·
1207 3308 1239 3366 5
1357 3306 1422 3375 ‚¹

78 3382 83 3397 '
166 3381 248 3443 XX.
275 3381 329 3443 64.
355 3382 438 3444 Tuam
461 3402 545 3466 ego,
584 3400 647 3442 non
672 3378 773 3442 minus
795 3391 991 3457 commotus,
1028 3399 1123 3465 quam
1146 3378 1238 3443 soleo
1259 3376 1291 3440 in
1316 3376 1420 3440 cattsis

20 3534 21 3539 ,
91 3469 276 3549 maioribus,
297 3475 477 3539 huiusmodi
504 3478 659 3558 quandam
686 3474 866 3537 orationem
876 3476 903 3514 ¹⁵
918 3495 987 3536 sum
1001 3494 1155 3537 exorsus:
1180 3475 1257 3550 Me,
1284 3473 1418 3549 Catule,

20 3646 22 3663 .
92 3566 185 3629 oratio
197 3568 327 3631 Luculli
343 3570 380 3631 de
393 3568 461 3650 ipsa
476 3588 512 3630 re
527 3567 571 3631 ita
587 3568 701 3643 movit,
725 3580 759 3630 ut
772 3569 860 3631 docti
873 3568 1022 3642 hominis,
1048 3580 1079 3631 et
1095 3567 1237 3650 copiosi,
1254 3576 1286 3630 ‘et
1297 3566 1414 3649 parati,
1465 3588 1468 3599 .

92 3667 119 3718 et
133 3660 207 3723 nihil
218 3661 453 3743 praetereuntis
470 3683 600 3736 eorum,
619 3684 701 3747 quae
716 3683 778 3746 pro
796 3661 849 3725 illa
865 3682 960 3726 caiisa
979 3662 1041 3725 dici
1055 3673 1205 3745 possent3
1222 3681 1285 3722 non
1298 3667 1414 3737 tamen,
1465 3719 1469 3726 .
1567 3706 1572 3727 .

20 3770 21 3839 J
62 3836 66 3845 .
91 3763 122 3814 nt
134 3754 160 3816 ei
171 3758 367 3838 respondere
377 3756 405 3796 ¹⁶
418 3777 514 3838 posse
535 3756 718 3847 diffiderem.
754 3757 942 3839 Auctoritas
956 3770 1058 3820 autem
1071 3768 1158 3819 tanta
1170 3756 1263 3837 plane
1275 3776 1324 3817 me
1348 3775 1419 3818 mo·

91 3848 197 3923 vebat,
222 3850 334 3913 nisi'tu
347 3850 556 3933 opposuisses
567 3872 633 3913 non
648 3851 799 3924 minorem
813 3862 910 3914 triam.
935 3850 1120 3933 Aggredior
1133 3849 1244 3933 igitur,
1269 3849 1294 3910 si
1317 3868 1431 3929 pairca‘

157 3935 191 4022 (3)
210 3974 248 4008 =
270 3950 357 4022 alt'qus‘
380 3951 486 4007 Osann.
507 3955 594 4006 Anul.
614 3972 641 4026 p.
663 3959 690 4010 ll.
730 3952 769 4028 (²)
790 3956 890 4008 eCdd.
912 3956 947 4009 D.
966 3966 990 4010 1.
1012 3960 1047 4008 G.
1069 3961 1096 4010 2.
1109 3981 1149 3995 -
1162 3955 1367 4024 despiciemlum
1386 3955 1419 4004 B.

61 4059 64 4063 ›
90 4026 319 4096 -aspiciendum
334 4028 369 4081 H.
383 4030 415 4082 V.
429 4029 462 4082 L.
502 4024 544 4102 (ὅ)
562 4058 601 4072 -
618 4028 662 4080 his
678 4028 713 4081 H.
737 4032 769 4082 V.
782 4030 842 4097 (hio
855 4027 980 4103 vinclis.)
1019 4027 1060 4105 (4)
1077 4016 1240 4092 —movere
1256 4029 1290 4082 Η.
1326 4025 1420 4102 (⁵)-s

91 4104 219 4153 rationem
233 4101 355 4158 cdltrl.
369 4103 402 4156 V.
430 4102 471 4178 (θ)
490 4133 529 4146 -·
547 4106 667 4176 proinde
681 4103 750 4158 Cdd.
774 4104 839 4178 aliq.
859 4108 943 4161 B.—
962 4104 1081 4178 proinde
1100 4105 1167 4156 vide
1183 4109 1270 4159 etiam
1291 4105 1326 4159 G.
1343 4119 1418 4175 susp.

91 4168 124 4244 (7)
141 4178 248 4228 -Atn
266 4179 319 4229 tu?
339 4180 375 4233 G.
400 4176 429 4234 G.
451 4177 643 4235 Refutatseh.
670 4176 711 4253 (θ)
728 4210 768 4225 -·-
786 4187 816 4232 in
836 4183 923 4233 liccem
942 4182 984 4234 M.
1005 4179 1045 4255 (9)
1064 4190 1102 4232 oo
1121 4180 1244 4251 liquebat
1266 4176 1338 4232 Cdd.
1353 4179 1419 4250 aliq.
1498 4204 1500 4211 v

91 4244 162 4317 prob,
175 4249 209 4305 G.
253 4250 304 4328 (¹⁰)
323 4283 362 4296 -
381 4272 493 4309 eas.--
516 4256 581 4306 illas
594 4256 625 4309 L.
641 4273 719 4328 susp.
742 4275 801 4310 non
826 4252 962 4330 recepta.
986 4254 1034 4330 (η)
1054 4255 1102 4308 Sic
1124 4257 1158 4308 H.
1181 4256 1212 4308 L.
1234 4255 1271 4309 D.
1283 4278 1330 4297 ·-
1348 4263 1419 4306 tan-

91 4328 143 4374 lum
157 4331 228 4378 enim
248 4336 276 4378 te
301 4348 358 4382 non
381 4335 488 4382 monuit
513 4332 555 4384 M.
575 4338 744 4383 -tantum
763 4338 837 4383 enim
857 4352 914 4385 non
927 4341 954 4384 te
970 4332 1052 4383 modo
1076 4329 1419 4396 momeit„1taecodice

20 4428 22 4437 ι
91 4413 176 4452 nostro
190 4417 217 4455 et
230 4403 387 4458 Davlsianls
402 4405 558 4462 dedimus.'’
575 4407 644 4463 Lall.
664 4406 781 4461 Secutus
790 4422 837 4460 est
850 4409 917 4462 Ern.
932 4415 959 4466 1.
972 4407 1052 4480 proh.
1066 4406 1181 4479 Madvig
1196 4409 1218 4459 l.
1235 4407 1343 4477 p.'160·
1365 4393 1424 4463 sed

20 4480 21 4485 ’
90 4469 221 4531 Desinant
250 4479 406 4549 habehant,
437 4487 480 4534 uti
513 4486 564 4536 B.:
595 4511 635 4526 -·
665 4491 776 4535 tantum
803 4489 877 4536 erzim
911 4493 939 4535 te
971 4501 1034 4543 non,
1057 4483 1138 4535 nrodo
1168 4501 1205 4534 m.
1231 4484 1327 4551 sicque
1358 4486 1420 4535 sine
1472 4540 1474 4549 .

54 4586 61 4597 .
93 4543 168 4611 dubio
196 4558 281 4608 etiam
317 4555 368 4610 ed.
405 4573 421 4609 a
448 4557 518 4612 Lall.
550 4554 711 4629 inspectus,
751 4577 836 4630 quum
869 4561 985 4632 Regium
1010 4563 1180 4623 nominatlm
1210 4555 1330 4629 appellet
1363 4552 1421 4609 D'a-
1476 4614 1479 4621 J
1546 4606 1552 4614 ‚
1623 4594 1624 4639 l

20 4676 21 4679 ,
91 4626 147 4687 vlo,
166 4634 243 4683 culus
270 4629 301 4686 d.
330 4649 459 4706 recepere
480 4632 555 4687 Lall.'
582 4635 648 4687 Ern.
689 4631 743 4687 Sed
764 4635 848 4687 modo
873 4652 926 4689 nee
954 4632 1135 4710 ambiguiqate
1164 4649 1268 4697 caret,
1290 4648 1318 4684 ee
1344 4649 1420 4686 certe

92 4711 313 4770 supervacaneum
341 4724 392 4764 est.
421 4709 600 4779 lnenloarunt
623 4707 731 4762 librarii
751 4717 864 4762 tantum
884 4729 942 4762 non
968 4696 1042 4762 haitd
1065 4709 1262 4782 intelligentes.
1288 4736 1328 4750 ·-
1348 4717 1422 4760 tan-

91 4778 142 4824 tum
152 4784 221 4830 enlm
231 4789 257 4832 τε
270 4782 352 4834 modo
362 4803 399 4837 m.
414 4801 539 4856 perverse
553 4784 603 4839 Cd.
618 4784 715 4856 Steph.
727 4789 761 4838 V.
777 4788 811 4840 G.
820 4791 846 4840 2.
861 4784 918 4861 (ta)
933 4786 979 4838 Sic
993 4787 1024 4839 B.
1041 4785 1076 4837 H.
1089 4786 1125 4838 D.
1137 4785 1169 4840 C.
1184 4789 1209 4838 2.
1224 4813 1263 4827 -··
1278 4801 1334 4837 om.
1349 4803 1420 4838 cave
1482 4852 1485 4855 x

92 4845 120 4898 v·
133 4851 169 4903 Μ.
180 4853 211 4911 e.
227 4867 250 4913 1.
290 4856 344 4934 (¹³)
360 4889 402 4910 ,-
414 4866 473 4910 asa
486 4859 555 4914 cua.
570 4860 636 4932 anq.
653 4861 687 4914 Η.
728 4857 779 4934 <m
799 4890 839 4903 -
856 4869 885 4912 a.
904 4861 1013 4932 ,erasm
1032 4861 1073 4913 n:
1088 4889 1127 4902 -
1145 4858 1269 4930 equium
1291 4860 1325 4913 o.
1345 4878 1419 4933 susp.

93 4916 137 4995 (¹5)
158 4927 202 4981 Sic
221 4931 252 4983 L.
273 4934 308 4988 G.
330 4940 414 4990 2.=-
432 4935 562 5007 qrtadam.
574 4940 704 4987 oratione
724 4937 756 4989 B.
769 4936 803 4988 H.
818 4936 970 4990 Victorius.
985 4937 1027 4989 M.
1045 4937 1082 4990 D.
1106 4940 1418 5007 l.-quasi¹oratione
1450 4953 1459 4967 ·

94 4999 186 5060 ‘Cdd.
205 5006 285 5064 Grut.
324 5007 376 5090 (¹⁶)
396 5041 434 5054 —
454 5011 623 5082 respondere
643 5031 685 5064 me
703 5012 739 5069 L.
759 5040 798 5053 -
816 5012 980 5085 responderi
992 5011 1029 5066 D.
1043 5010 1094 5067 cfr.
1111 5010 1229 5088 Madeig
1243 5011 1264 5064 I.
1282 5027 1310 5085 p.
1325 5014 1418 5070 114.v
1460 5066 1461 5069 ,
