3226 5488
586 457 885 529 ncnnanuca.
1068 448 1128 520 “.
1203 561 1206 565 .
1337 468 1400 534 ιιι

71 598 104 663 ei
133 597 188 685 qui
216 616 321 683 prope
357 597 416 677 sit,
453 612 618 685 appareat.
672 605 765 669 Haec
796 600 1015 686 exspectatio,
1053 602 1121 669 sive
1156 605 1397 689 exspectatione

66 693 154 758 facta
185 694 365 775 exploratio
397 694 550 778 peculiari
577 688 796 763 vocabulo
761 722 800 765 το
821 701 1007 788 προσμὲιοιι
1029 699 1197 784 Epicureis
1204 699 1395 809 md'pcebatur.

131 787 330 870 'Prolepscs
367 790 459 854 etiam
486 789 676 875 perspicuae
705 804 736 857 et
768 805 873 857 certae
902 805 979 857 sunt
1007 814 1067 858 nec
1099 797 1138 858 de
1167 786 1230 858 illis
1259 793 1398 860 dubitari

68 881 189 944 solet¹.
249 881 330 946 S'unt
353 885 433 948 enim
461 887 632 969 prolepses
656 885 725 950 sive
747 886 877 951 notitiae
900 876 1087 971 anticipatae
1110 890 1264 974 quaedam
1287 909 1395 953 rerum

66 975 236 1053 notiones,
272 997 353 1062 quae
375 981 482 1043 verbis
502 979 738 1064 significantur3
772 980 925 1045 et'vcluti
946 1004 1042 1045 verae
1065 995 1235 1069 certaeque
1257 985 1296 1046 de
1319 1004 1397 1046 vrna-

67 1090 197 1156 quaqne
219 1090 256 1133 re
270 1070 438 1153 opiniones
460 1086 555 1158 atque
577 1075 775 1138 universales
790 1075 991 1160 cognitiones
1007 1089 1111 1142 mente
1127 1079 1305 1161 repositae,
1330 1100 1397 1142 me·

66 1165 256 1250 muriaeque
276 1188 383 1230 rerum
406 1169 549 1233 sensibus
571 1182 809 1252 perceptarum.
868 1169 1023 1235 sensuum
1047 1172 1128 1236 enim
1151 1173 1394 1255 comprehensio

64 1261 252 1344 praecedit,
282 1273 318 1326 ut
344 1275 422 1347 puta
444 1264 490 1327 rei
522 1264 628 1340 visae,
653 1274 687 1328 ut
713 1262 851 1327 hominis
880 1273 912 1327 ct
940 1263 1013 1349 equi
1042 1276 1073 1329 et
1099 1266 1193 1331 bovis
1223 1267 1395 1355 aliquando

65 1367 330 1439 conspectorum.
383 1360 465 1422 Tum
488 1358 612 1423 formae
638 1356 725 1439 ipsae
752 1379 790 1419 ac
814 1355 883 1439 typi
903 1378 1010 1425 renuo
1033 1362 1117 1442 apud
1137 1372 1272 1424 mentem
1293 1363 1395 1425 adno-

63 1449 127 1512 tati
147 1456 178 1514 tt
197 1451 316 1515 conditi
338 1463 526 1530 servantur,
549 1474 633 1537 quos
654 1453 750 1515 rebus
774 1449 880 1515 dein
871 1472 902 1514 m
923 1464 1088 1533 posterum
1113 1454 1187 1518 visis
1213 1476 1395 1521 accommo-

64 1546 191 1608 damus.
247 1545 322 1609 Non
353 1545 433 1608 enirn
464 1550 559 1610 dere
583 1568 664 1633 quae
687 1556 839 1628 apparet,
875 1567 1099 1629 quaereremus
1122 1569 1262 1637 eqtursne
1290 1551 1332 1614 sit
1354 1569 1423 1613 au.

63 1641 147 1714 bos,
172 1636 231 1701 nisi
254 1638 328 1723 equi
349 1640 507 1726 bovisque
529 1653 638 1723 typum
662 1651 765 1703 mente
787 1646 967 1702 teneremus
988 1663 1051 1705 una
1073 1664 1144 1704 cum
1167 1644 1301 1708 vocibus
1323 1642 1395 1729 qui

63 1734 127 1795 bus
149 1734 228 1796 haec
249 1732 483 1817 significantur.
528 1733 693 1816 Principio
716 1732 798 1795 enim
822 1752 874 1795 res
895 1733 963 1815 ipsa
986 1734 1129 1798 sensibus
1152 1735 1295 1819 capitor,
1327 1747 1395 1799 tum

63 1827 136 1890 eius
156 1848 273 1891 nomen
295 1827 459 1896 ediscitur.
505 1830 602 1909 Quod
624 1827 713 1891 etiam
738 1825 868 1890 evidens
891 1839 922 1890 et
944 1839 1034 1892 extra
1056 1831 1309 1894 controversiam
1325 1841 1396 1894 est:
1482 1862 1488 1875 ·

62 1943 132 1985 non
156 1920 238 1983 enirn
261 1923 516 1986 controvertitur
535 1925 573 1985 de
597 1924 681 1987 bove
704 1919 776 1983 viso
805 1920 885 1983 sitne
915 1920 981 1984 cius
1009 1924 1158 1997 Latinum
1180 1912 1296 1988 nomen
1320 1925 1393 1989 bos.

63 2015 196 2079 Videor
217 2016 297 2077 haec
317 2015 410 2078 facile
434 2017 615 2099 explicare,
650 2014 677 2077 si
698 2013 818 2088 dicam,
855 2002 1033 2098 Epicurum
1057 2020 1131 2080 dum
1153 2041 1265 2085 seusus
1288 2018 1394 2081 certos

66 2108 165 2183 dicit,
204 2111 242 2171 de
271 2131 308 2172 re
337 2108 471 2172 indicata
504 2133 541 2173 ac
571 2109 662 2193 quasi
690 2110 729 2171 de
758 2108 901 2172 subiecto
932 2110 1060 2183 dubitur
1089 2133 1153 2176 nou
1178 2133 1246 2176 esse
1268 2113 1394 2176 dicere:
1478 2186 1481 2196 Ι

62 2223 164 2288 quum
188 2215 290 2264 autem
312 2203 480 2286 prolepses
503 2215 606 2267 certas
629 2204 785 2287 appellat,
811 2205 849 2265 de
871 2204 1056 2286 praedicato
1080 2206 1268 2293 'etiamnunc
1302 2204 1395 2268 dubi·

62 2297 128 2361 tari
150 2296 340 2371 a=ffirmare,
349 2300 406 2361 sed
426 2301 464 2361 de
488 2298 656 2381 opinione,
688 2296 719 2360 id
742 2308 816 2371 est,
833 2298 870 2359 de
893 2317 1042 2365 connexo
1065 2298 1131 2362 sive
1153 2297 1392 2382 propositione
1472 2332 1483 2347 x

48 2393 215 2459 Clemens
237 2394 498 2458 Αιιιιιιιιιιιιιιιιε2
520 2398 559 2479 de
581 2392 748 2506 Epicuro:
772 2386 944 2499 πρόληψιν
960 2394 995 2458 δὲ
1017 2386 1218 2460 ἀποδίδωσιν
1240 2388 1398 2475 ἐπιβολὴν

63 2489 124 2556 ἔπι
143 2511 176 2554 τι
198 2489 312 2577 ἐναργὲ
314 2513 347 2568 ς,
369 2492 425 2555 καὶ
438 2491 501 2555 ἐπὶ
522 2482 581 2570 siv
551 2488 722 2596 ιὲιαργῆ
744 2509 802 2552 eoo
823 2509 1020 2574 πραγματος
1041 2487 1204 2554 iniectae:
1227 2482 1273 2574 μὴ
1296 2480 1396 2553 δυνα
1499 2482 1513 2495 ”

63 2586 158 2649 σθαι
188 2584 223 2648 δὲ
250 2583 374 2668 μηδένα
394 2577 475 2669 μήτε
504 2581 583 2663 ζητι
584 2605 641 2648 σαι
668 2604 752 2667 prpe
771 2575 940 2665 ἀπορῆσαι
961 2578 1007 2667 μι’
997 2607 1044 2663 pre
1065 2579 1132 2668 μὴν
1154 2581 1294 2664 ὃοξασαι
1315 2575 1391 2648 ἀλλ
1442 2638 1448 2651 .

64 2672 140 2744 οὐδ’
165 2675 291 2762 §testas
309 2679 415 2765 χωρὶς
429 2671 646 2769 opols'apewg,
681 2674 804 2748 idest,
829 2673 1000 2757 Prolepsin
1023 2696 1104 2741 vcro
1127 2677 1236 2742 delinit
1258 2678 1407 2742 adnoto·

62 2771 184 2836 tionem
214 2769 282 2833 sive
316 2770 622 2834 animadversionem
652 2772 705 2850 (ad
732 2771 867 2832 verbum
896 2769 1120 2854 adiectionem)
1149 2771 1245 2837 animi
1267 2774 1307 2835 de
1327 2769 1396 2835 evi-
1449 2784 1453 2789 “

64 2865 153 2930 denti
174 2863 303 2953 aliquo,
340 2856 372 2926 et
394 2866 433 2927 de
456 2864 595 2927 evidenti
615 2863 663 2927 rei
685 2862 833 2926 notione:
872 2885 937 2927 non
959 2885 1069 2946 posse
1077 2878 1180 2930 autem
1202 2849 1398 2952 quemquam

63 2980 169 3041 neque
191 2977 347 3042 quaerere
377 2978 436 3020 nec
464 2957 630 3036 dubitare,
668 2978 728 3021 nec
749 2956 875 3040 opinari
897 2956 1022 3042 quidem
1045 2982 1084 3024 ac
1105 2983 1209 3047 neque
1232 2981 1391 3047 arguere,

64 3053 137 3117 sive
159 3051 349 3117 convincere
371 3051 437 3117 sine
459 3052 618 3136 prolapsi.
691 3072 696 3083 “
1414 3112 1419 3123 ,

151 3137 351 3202 Affectioues
374 3149 478 3201 autem
500 3138 544 3217 (id
566 3148 632 3213 est,
663 3133 707 3203 atie
728 3126 840 3217 ιιάθη)
864 3138 1011 3225 (namque
1034 3149 1066 3203 et
1079 3141 1145 3203 ‘has
1168 3140 1295 3205 criteria
1318 3154 1398 3203 cen·

63 3230 137 3296 seri
163 3233 203 3294 ab
232 3230 377 3312 Epicuro
405 3233 666 3313 adnotabamus,)
703 3230 806 3293 duo
797 3231 873 3313 ipsis
903 3242 995 3307 sunt,
1040 3236 1199 3317 voluptas
1221 3247 1253 3298 et
1273 3234 1389 3308 dolor,

65 3346 148 3411 quae
181 3324 389 3388 animantibus
420 3324 567 3388 omuibus
598 3326 785 3391 obveniant.
844 3325 1007 3408 Voluptas
1039 3326 1171 3412 quidem
1195 3329 1240 3391 uti
1263 3339 1394 3390 naturae

59 3421 358 3494 accommodatum,
393 3420 496 3483 dolor
524 3440 604 3484 vero
642 3431 677 3482 ut
701 3420 941 3513 incommodum¹
979 3431 1013 3483 et
1044 3441 1062 3483 a
1094 3435 1208 3485 uatrtra
1243 3420 1395 3484 alienum.
1408 3488 1410 3495 q

64 3514 194 3578 Horum
226 3513 326 3599 igitur
356 3515 491 3576 duorum
524 3516 620 3578 ductu
649 3534 729 3597 quae
760 3532 875 3595 capere
899 3525 1048 3596 oporteat
1070 3527 1102 3578 et
1131 3536 1211 3600 quae
1234 3514 1394 3578 declinare

64 3607 231 3688 expediat,
268 3606 409 3671 iudicare
442 3606 603 3690 Epicurus
631 3606 733 3671 iussit.
790 3609 873 3671 Nam
903 3629 984 3692 quae
1014 3609 1210 3692 voluptatem
1230 3610 1393 3681 'alterurn

64 3699 231 3784 eligenda,
265 3722 348 3786 quae
380 3701 546 3779 dolorem,
578 3700 733 3789 fugienda
766 3722 850 3766 csse.
905 3701 982 3765 Tria
1002 3701 1103 3788 igitur
1124 3706 1219 3779 haec,
1259 3724 1392 3776 sensus,

63 3793 234 3877 prolapsos
267 3805 298 3857 et
319 3795 518 3859 ‘affectiones
550 3795 717 3878 perspicua
748 3818 820 3861 esse
852 3795 976 3873 aicbat,
1012 3818 1073 3861 nec
1100 3802 1140 3862 de
1167 3797 1231 3862 illis
1253 3796 1398 3860 dubitari

65 3897 242 3970 oportere,
266 3890 322 3951 sed
344 3889 475 3951 ducibus
496 3887 542 3952 uti
565 3890 604 3951 ad
626 3911 663 3953 ea
685 3912 767 3974 quae
788 3891 956 3973 perspicua
971 3912 1036 3956 non
1051 3892 1112 3956 siut
1126 3891 1393 3976 pervestigandae
1426 3905 1440 3936 -'

65 4000 179 4045 omnes
202 3980 282 4043 enim
306 3982 439 4067 quaein
463 3979 567 4047 animo
590 3982 651 4046 sint
675 3985 840 4066 opiniones
862 3997 956 4071 atque
978 3985 1148 4051 sententias
1171 4009 1213 4051 ex
1235 3986 1394 4049 evideulta

65 4085 173 4139 ortum
195 4074 377 4169 habuisse.
416 4074 506 4139 Sic
497 4076 558 4158 tpsi
580 4076 735 4160 Epicurei
764 4098 803 4169 cx
827 4090 932 4142 motus
954 4080 1109 4144 evidentia
1133 4081 1312 4186 comperire
1333 4077 1394 4140 sibi

20 4170 27 4188 .
55 4168 216 4241 ,videntur
238 4192 374 4233 vacuum
397 4192 485 4246 csse,
520 4172 611 4256 quod
633 4170 761 4234 evidens
784 4193 848 4236 uon
871 4183 938 4236 est:
962 4174 989 4237 si
1012 4173 1093 4236 enim
1116 4172 1220 4236 omnia
1243 4172 1396 4255 corpori

65 4263 128 4326 bus
149 4263 242 4345 plena
265 4277 389 4343 essent,
413 4266 532 4329 nullutn
556 4284 676 4346 corpus
699 4276 895 4329 moveretur.
939 4268 1031 4331 Haec
1052 4269 1090 4332 de
1113 4266 1248 4349 Epicuri
1262 4264 1391 4330 iudicio.

63 4357 191 4419 Verum
225 4359 367 4424 accessio
390 4360 493 4422 adhuc
514 4356 575 4421 alia
596 4357 719 4449 reliqna
748 4369 808 4421 est.
863 4358 982 4423 Scribit
1004 4359 1086 4424 enim
1096 4358 1300 4433 Lae'rtius3,
1338 4356 1394 4443 qui

66 4450 142 4513 mihi
169 4453 255 4516 haud
284 4453 431 4536 antiquus
464 4452 605 4535 scriptor
638 4450 783 4527 videtur,
818 4471 883 4515 ocu
916 4453 1016 4517 multo
1047 4467 1120 4517 onte
1148 4474 1238 4518 suam
1260 4465 1393 4517 aetatem

65 4553 213 4626 tempore
243 4557 387 4615 exortans
421 4567 536 4610 novam
579 4548 734 4630 quandam
767 4544 1033 4627 philosophorum
1066 4558 1181 4612 sectam
1211 4549 1393 4612 Potamone

67 4641 204 4719 quodam
226 4626 449 4704 Alexandrino
471 4650 624 4713 attetore,
658 4658 739 4723 quae
761 4635 945 4720 ἐκλεκτική,
967 4639 1012 4704 id
1034 4652 1082 4703 est
1104 4640 1272 4718 selectrix,
1295 4637 1394 4704 fuerit

66 4743 258 4814 nuncupata.
302 4732 367 4797 Hic
389 4730 471 4796 enim
493 4733 631 4796 Potamo
646 4732 776 4801 nullum
789 4754 824 4796 se
839 4754 958 4798 novum
981 4737 1141 4808 decretum
1157 4746 1295 4799 statuere
1313 4733 1393 4796 vello

65 4822 300 4904 profitebatur,
334 4826 390 4895 sed
418 4823 502 4887 iuter
531 4824 659 4910 antiqua
684 4836 829 4889 veterum
851 4824 1115 4910 philosophorum
1137 4829 1270 4910 placita,
1310 4848 1391 4912 quae
1451 4862 1454 4865 ·

67 4906 1394 5072 mm

66 5032 93 5104 (⁹
90 5039 104 5100 l
125 5036 255 5092 Strumae.
274 5038 294 5092 l.
315 5045 331 5094 2
342 5043 452 5148 ,5,ρὶ
473 5040 536 5100 lt57.
574 5035 613 5111 (ὅ)
632 5038 783 5103 Ecleettcl3
801 5039 835 5092 ad
854 5038 936 5092 linem
958 5043 1094 5114 prooemii
1114 5040 1164 5096 uh.
1185 5052 1209 5105 t.
1228 5042 1251 5113 b
1271 5048 1317 5102 21.
