3226 5488
243 362 329 476 ces
571 360 577 379 .
679 410 825 476 Ριίιιι
848 382 1127 479 ιιιιιιιιιι

240 550 289 615 Αι
320 571 417 635 qmnm
445 546 485 613 ab
513 547 623 614 iisdem
652 551 749 614 rebus
779 544 870 617 r‘ario
900 555 996 637 modo
1025 552 1132 617 allecti
1164 552 1419 636 comperiamur,
1450 559 1531 624 stabile

240 644 318 707 nihil
339 648 378 708 de
401 665 437 708 re
459 644 521 706 ulla
543 644 750 726 pronnmtiare
772 645 967 752 poterimus,
991 668 1087 731 quum
1104 646 1205 711 visum
1221 670 1284 710 non
1305 659 1393 722 stet,
1415 652 1531 717 uend-

240 738 282 801 tis
305 737 406 800 modis
429 747 639 818 permutetur.
694 739 835 803 Necesse
857 739 939 803 enim
960 752 1026 817 est,
1057 750 1092 804 ut
1114 742 1338 806 commutabile
1361 763 1420 804 nee
1439 743 1532 807 finum

239 831 388 896 iudicium
419 833 457 894 de
480 830 695 895 commutabili
715 832 878 923 pbaqtasia
899 834 959 909 sit,
997 844 1029 898 et
1051 854 1132 917 qnae
1153 847 1330 919 sequuntur
1354 836 1454 900 omnia
1473 839 1534 901 ne·

209 1000 216 1006 ¹
239 925 358 989 demica
382 936 455 987 sunt
488 935 519 987 et
542 922 743 1002 Carneadea,
778 926 839 990 elsi
863 948 904 990 ex
926 926 987 990 illis
1009 931 1117 991 decem
1140 930 1340 1013 pervulgatis
1362 931 1533 1008 P)rrbonio-

239 1041 310 1083 rum
334 1021 401 1082 sive
423 1018 503 1082 locis
526 1018 594 1081 sive
617 1019 737 1095 modis,
763 1018 877 1104 quibus
900 1021 944 1084 illi
966 1023 1188 1105 acatalepsiam
1209 1034 1354 1087 statuunt
1369 1037 1401 1087 ct
1422 1027 1535 1106 epochen

238 1115 476 1187 commendant,
515 1112 612 1195 petita
637 1113 822 1183 rideantur:
857 1136 927 1177 nam
959 1127 992 1178 et
1019 1116 1041 1180 ii
1066 1116 1151 1180 nundi
1173 1116 1287 1180 maiori
1305 1138 1350 1179 ex
1373 1131 1461 1200 parte
1478 1121 1536 1180 hanc

208 1238 213 1253 ι
238 1206 394 1273 rationem
410 1219 573 1289 spectent,
597 1229 692 1291 qnnnnm
711 1231 821 1272 sensus
843 1221 876 1272 et
897 1209 1077 1292 phantasias
1100 1210 1208 1292 potius
1230 1223 1396 1274 accusent.
1439 1212 1536 1274 Acade-

237 1299 311 1362 mici
343 1303 429 1364 eerle
462 1314 599 1383 propter
631 1323 683 1364 eas
713 1302 848 1366 maxime
877 1302 1057 1385 phantasias
1086 1296 1408 1385 comprehensionem
1430 1305 1536 1367 ablatan

238 1392 364 1468 dicunt,
389 1411 466 1479 quas
490 1417 586 1479 quum
608 1417 625 1457 a
647 1395 731 1460 salso
754 1396 834 1473 siut,
859 1396 1032 1461 simillimas
1055 1397 1112 1473 iis,
1137 1418 1216 1481 quae
1242 1408 1315 1459 snnnt
1339 1418 1359 1459 a
1383 1419 1478 1472 vero,
1497 1419 1536 1479 ap

236 1507 352 1570 parere
392 1499 499 1564 ιιιιιιι,
537 1499 572 1551 ιιι
611 1489 748 1552 discerni
784 1502 954 1573 nequeant.
1016 1492 1145 1557 ,Verum
1177 1491 1324 1553 retulerit
1362 1502 1463 1555 totum
1492 1493 1537 1554 hoc

184 1564 191 1582 ¹
236 1579 374 1665 imagine
405 1593 659 1663 repracsentare.
719 1582 761 1647 C.
795 1584 870 1648 Iulii
903 1583 1073 1660 Caesaris,
1112 1586 1167 1666 qui
1203 1585 1341 1648 dictator
1379 1587 1477 1646 dictus
1495 1595 1535 1659 est,

235 1678 344 1736 veram
376 1673 509 1749 faciem,
548 1696 640 1758 quam
677 1674 776 1780 ipsam
818 1700 882 1763 ego
924 1700 1083 1762 nunquam
1122 1670 1206 1753 vidi,
1244 1677 1448 1761 quantumvis
1479 1679 1537 1738 mnl-

235 1778 285 1829 tas
307 1765 383 1829 eius·
395 1767 517 1833 affabre
537 1767 671 1830 factas
661 1769 816 1854 imagines
841 1793 878 1834 ac
902 1771 1058 1835 simillima
1081 1771 1248 1834 simulacra
1277 1782 1401 1834 attente
1430 1791 1537 1853 perspe-

234 1861 336 1925 xerim
370 1871 402 1923 et
429 1860 676 1939 considerarim,
712 1884 771 1925 nea
808 1864 909 1929 Stoici
944 1864 1116 1955 quidem
1107 1864 1170 1946 npsi
1204 1864 1370 1958 cognitam
1413 1865 1482 1927 mihi
1510 1885 1536 1926 ac

235 1957 497 2039 comprehensam
530 1954 648 2019 dicent.
708 1955 904 2039 Existimare
932 1958 1010 2021 mihi
1041 1971 1128 2021 certe
1156 1970 1251 2043 atque
1278 1954 1435 2023 arbitrari
1454 1955 1537 2019 licebit

233 2052 315 2113 hanc
352 2051 403 2112 vel
433 2050 518 2112 illam
551 2049 706 2132 picturam
731 2049 878 2115 Caesaris
899 2050 1013 2114 faciem
1046 2054 1199 2115 reddere
1200 2051 1411 2134 propiusque
1432 2053 1470 2113 ad
1488 2048 1537 2112 rui

234 2147 341 2209 vultus
364 2144 501 2226 speciem
524 2147 695 2220 accedere,
733 2144 917 2210 coniectura
939 2167 980 2209 ex
1002 2168 1042 2210 eo
1064 2146 1165 2222 lacta,
1197 2147 1284 2230 quod
1306 2145 1431 2207 videam
1453 2145 1537 2225 plures

234 2261 277 2304 ex
308 2238 370 2302 illis
400 2238 588 2323 imaginihus
611 2241 791 2305 huiusmodl
820 2241 957 2326 effigiem
985 2253 1246 2323 repraesentare,
1276 2251 1331 2303 aut
1353 2239 1416 2302 alia
1438 2241 1536 2301 demum

233 2332 358 2395 ratione
388 2334 524 2395 adducto
548 2333 623 2396 mihi
644 2337 725 2397 hanc
746 2356 823 2415 prae
845 2335 898 2398 illa
919 2333 1089 2419 imaginem
1121 2337 1262 2415 probare
1283 2333 1444 2415 placebit,
1477 2351 1536 2412 pm·

233 2425 433 2509 habilemque
465 2425 603 2490 laudabo
633 2440 665 2489 et
698 2429 869 2510 amplectar
898 2428 967 2491 aliis
988 2427 1133 2502 reiectis,
1173 2426 1298 2490 minime
1317 2426 1461 2491 fortasse
1478 2443 1537 2506 pro·

232 2522 380 2581 bandam.
426 2521 548 2583 Verum
574 2521 673 2603 ipsam
698 2522 759 2584 viri
779 2522 894 2585 faciem
918 2521 1016 2585 risam
1039 2520 1114 2585 mihi
1136 2542 1173 2583 ac
1195 2521 1459 2602 comprehensam
1478 2538 1537 2580 nun·

235 2634 329 2696 quam
352 2612 431 2676 mihi
457 2614 569 2699 aliquis
591 2618 770 2699 argutando
793 2617 1014 2699 persuadebit,
1039 2628 1093 2678 aut
1115 2636 1196 2699 quae
1220 2635 1319 2678 verax
1342 2625 1376 2678 et
1399 2635 1467 2679 eum
1486 2612 1545 2692 ipsa„

232 2725 269 2769 re
298 2708 492 2772 conveniens
521 2709 647 2792 pictura
675 2711 717 2772 sit
745 2722 945 2794 compertum
978 2710 1052 2773 mihi
1085 2721 1116 2773 et
1138 2709 1303 2794 cognitum
1326 2729 1464 2792 unquam
1484 2724 1536 2768 esse
1567 2730 1571 2737 ·

232 2800 365 2883 poterit.
410 2789 517 2866 itaet
544 2806 583 2866 de
605 2804 681 2867 visis
703 2805 771 2868 sive
792 2805 980 2888 phantasiis,
1015 2825 1097 2888 quae
1120 2816 1151 2866 et
1171 2804 1259 2886 ipsae
1281 2825 1347 2867 non
1370 2824 1442 2877 res,
1476 2817 1535 2882 qum

234 2899 429 2972 ostendunt,
467 2901 523 2960 sed
553 2919 660 2962 rerum
689 2899 842 2984 imagines
865 2910 897 2963 et
918 2909 1046 2980 spectra
1068 2900 1220 3003 quaedam
1243 2908 1333 2973 snnnt,
1373 2891 1535 2961 Academici

231 2987 448 3054 iudicabant¹.
493 2993 594 3077 quue
617 2991 831 3059 Carneades
822 3015 891 3075 ipse
913 2992 1032 3073 duplici
1059 2991 1230 3072 partitione
1259 2989 1408 3057 docuisse
1431 2988 1534 3052 dicitur.

232 3073 357 3149 Altera
354 3091 433 3147 est!
458 3087 646 3151 Phantasiae
670 3088 748 3151 aliae
770 3085 1102 3161 verae,aliaesalsae
1117 3096 1207 3160 sunt,
1231 3083 1346 3160 idest,
1372 3086 1452 3148 aliae
1470 3103 1532 3151 reu,

236 3197 255 3239 a
264 3198 347 3261 qua
372 3190 444 3243 sunt
465 3179 641 3256 immissae,
665 3193 753 3246 recte
774 3190 1026 3265 repraesentant.
1072 3177 1163 3241 Aliae
1190 3198 1300 3241 veram
1321 3177 1373 3241 rei
1395 3175 1537 3332 imaginem

230 3292 296 3335 non
329 3273 475 3335 reddunt.
534 3277 657 3338 Verum
680 3294 750 3360 qua
778 3276 903 3339 ratione
936 3292 1043 3356 quove
1075 3271 1190 3334 iudicio
1223 3292 1352 3334 veraces
1375 3294 1394 3334 a
1418 3295 1447 3333 nn
1468 3280 1534 3330 ntntn

231 3386 432 3447 separemus,
468 3389 533 3431 non
554 3370 731 3433 habemus:
765 3369 839 3433 ideo
862 3390 958 3452 quum
981 3387 1075 3429 verae
1098 3365 1178 3439 sint,
1203 3387 1278 3440 eae,
1303 3388 1384 3449 quas
1409 3381 1534 3444 compre·

230 3461 369 3523 bendere
392 3472 575 3542 oporteret,
601 3474 727 3525 nenntras
742 3460 1052 3544 comprehendimus.
1098 3460 1243 3543 Namque
1266 3459 1350 3523 inter
1373 3482 1455 3543 quae
1475 3453 1533 3518 nihil

189 3546 192 3563 '
230 3551 372 3629 intersit,
404 3556 488 3617 haud
510 3576 665 3638 qumquam
688 3557 822 3620 alterum
843 3554 1060 3638 percipietur,
1084 3553 1217 3615 alterum
1240 3553 1365 3616 minime
1389 3553 1533 3635 percipere

120 3644 125 3652 '
230 3643 355 3708 licebit:
393 3651 448 3709 sed
470 3646 553 3710 inter
577 3651 641 3711 visa
666 3670 742 3713 vera
762 3661 796 3713 et
816 3650 898 3712 salsa
921 3648 995 3711 nihil
1017 3648 1165 3721 interest,
1203 3648 1346 3731 falsaque
1380 3670 1443 3711 non
1473 3663 1532 3725 pet·
1579 3656 1580 3681 ¹

232 3750 304 3799 snnnt
325 3742 568 3821 comprehendi;
592 3742 701 3825 igitur
715 3764 816 3826 neque
838 3766 928 3807 vera.
973 3742 1053 3804 Visa
1076 3742 1179 3824 aliqua
1202 3742 1366 3805 essefalsa
1380 3738 1532 3805 solusfor·

229 3842 314 3895 tasse
343 3835 501 3915 Epicurus
531 3840 684 3920 negabat,
720 3859 816 3927 quem
843 3837 1020 3903 coniunctis
1043 3832 1173 3903 viribus
1189 3837 1372 3899 Academici
1395 3849 1428 3900 et
1449 3827 1531 3894 Stoici

214 3932 262 3988 'et
283 3928 476 4012 reliquarum
498 3940 654 3991 sectarum
678 3934 788 3993 turbae
811 3951 921 3995 omnes
942 3930 1183 4015 impugnabant.
1243 3932 1329 3994 Illud
1351 3942 1419 3994 erat
1440 3925 1531 3990 diffici-

227 4020 288 4083 lius
310 4022 499 4123 duriusque
507 4022 641 4087 maxime
664 4024 942 4109 propugnantibus
959 4022 1095 4098 Stoicis,
1120 4025 1210 4087 Inter
1231 4023 1299 4087 visa
1315 4046 1392 4087 vera
1411 4035 1441 4085 et
1454 4020 1527 4089 salsa,

200 4118 316 4197 quod
349 4119 388 4178 ad
420 4114 658 4199 perceptionem
689 4116 1069 4200 comprehensionemque
1102 4118 1234 4193 attinet,
1272 4118 1349 4181 nihil
1384 4118 1528 4180 interesse.

149 4220 151 4225 '
196 4256 203 4269 .
227 4209 266 4272 In
278 4213 351 4299 hoc
375 4211 510 4275 maxime
532 4212 719 4275 Academici
747 4214 917 4288 desudant,
955 4210 1036 4299 bie
1028 4233 1171 4293 ipsorum
1193 4213 1382 4295 praecipuus
1405 4213 1489 4272 labor
1506 4214 1528 4264 et

227 4314 387 4380 cenatus,
427 4306 592 4390 omnisque
636 4310 790 4373 adversus
823 4326 933 4369 sensus
970 4317 1001 4368 et
1038 4306 1296 4370 cousuetudinem
1329 4304 1527 4380 rationemque

228 4407 355 4463 omnem
376 4411 471 4485 atque
494 4400 707 4464 coniecturam
728 4402 873 4483 ipsorum
895 4398 1066 4505 disputatio
1093 4402 1131 4462 de
1146 4401 1210 4463 hoo
1225 4413 1291 4476 est,
1316 4402 1389 4462 dnnm
1404 4397 1580 4461 universa

225 4494 305 4556 haec
335 4515 488 4558 enervare
519 4493 708 4577 infirmaque
738 4497 778 4558 ad
808 4492 951 4557 veritatis
983 4493 1132 4557 iudicium
1161 4515 1198 4556 ac
1233 4491 1525 4589 comprehensionem
1579 4454 1580 4527 l

163 4632 169 4639 -
225 4591 361 4657 reddere
384 4591 470 4653 omni
490 4591 597 4654 studio
620 4591 814 4677 adnituntur.
858 4591 960 4673 quue
982 4590 1061 4650 adeo
1083 4587 1338 4669 ipsiadmouent
1360 4599 1392 4649 et
1413 4582 1523 4647 maxime

226 4685 410 4749 adnotatum
444 4687 577 4761 volunt,
610 4687 715 4750 omnia
748 4707 828 4769 quae
844 4686 890 4759 ab
913 4683 987 4765 ipsis
1010 4695 1122 4746 contra
1144 4703 1254 4745 sensnns
1277 4693 1454 4765 contraque
1468 4693 1525 4757 pet*
1579 4722 1580 4729 ι

227 4774 425 4856 spicuitateun
447 4781 610 4857 dicautur',
635 4778 959 4845 adeanudinisionem
974 4776 1153 4859 pertinere,
1178 4799 1241 4860 que
1264 4775 1332 4838 visa
1354 4776 1385 4838 in
1407 4795 1440 4836 ea
1460 4783 1521 4852 quac

224 4872 349 4953 percipi
371 4884 523 4955 possunt,
559 4875 643 4938 etin
667 4897 722 4950 ea,
755 4896 837 4958 quae
860 4895 926 4937 non
945 4884 1520 4985 possunt,
1122 4871 1315 4934 ‹hviduntum
1361 4865 1520 5039 Reprehefl·
1579 4874 1580 4911 ι

300 4990 338 5060 (¹)
351 4992 456 5051 Serme
477 4991 511 5044 ad
530 4990 639 5066 discipl
659 5008 720 5067 cap.
740 4990 775 5044 de
794 4995 919 5046 criterio.
937 4993 970 5048 L
992 4999 1017 5052 7.
1035 5000 1112 5101 ssect.
1131 4999 1232 5085 558·
