3226 5488
594 373 931 495 acnnsnuca..
1342 380 1411 496 aas
1447 466 1451 481 .

68 573 128 638 sio
151 592 229 639 vero
252 571 324 648 illa,
349 592 429 657 qarae
450 558 482 633 in
503 570 552 634 his
574 570 733 654 implicata
758 568 902 645 ridetur,
927 589 1054 654 quaque
1073 569 1245 637 Philonem
1268 570 1403 636 maxime

42 671 293 752 ,perturbatum
328 686 459 729 narrare
494 666 622 728 solitum
665 658 862 743 Antiochum
910 664 1048 728 Cicero¹
1090 665 1210 741 refert,
1245 666 1325 729 nihil
1355 677 1405 729 est

70 767 166 848 qarod
187 783 374 846 quemquam
404 772 618 835 commoneat.
662 761 713 822 Ea
736 769 801 835 est,
827 755 1000 822 Contraria
1022 759 1083 822 sibi
1104 760 1210 822 dicere
1232 780 1323 835 eram,
1349 760 1404 844 qui

68 857 248 939 phantasiis
275 855 309 918 in
339 875 432 919 veras
466 865 497 916 et
523 853 622 916 salsas
644 851 752 916 divisis
775 852 852 915 nihil
875 874 966 916 veras
990 876 1006 916 a
1027 848 1116 916 falsis
1140 854 1269 917 differre
1291 876 1404 917 rausus

69 951 222 1014 affirmet.
267 949 365 1029 Quod
386 951 568 1011 tantundem
602 969 638 1010 ac
660 947 829 1029 plurimum
851 945 933 1009 inter
954 968 1007 1009 eas
1029 947 1181 1009 interesse
1203 960 1235 1025 et
1257 948 1336 1023 nihil
1355 949 1403 1011 in-

69 1057 214 1119 teresse,
248 1043 342 1106 simul
369 1064 491 1125 ponere
520 1042 574 1106 sit.
629 1088 644 1116 „
654 1044 799 1124 Namque
825 1040 857 1102 id
878 1041 921 1103 ita
944 1051 1029 1105 esset
1051 1041 1107 1118 (ait
1128 1041 1210 1104 idem
1235 1044 1400 1106 Romanus

69 1136 331 1212 Academicus2),
363 1137 394 1200 si'
419 1159 477 1200 nos
509 1159 619 1199 verum
643 1135 773 1199 omnino
795 1135 993 1198 tolleremus.
1038 1137 1113 1199 Non
1139 1136 1297 1223 facimus:
1331 1160 1402 1200 nam

22 1288 28 1295 .
70 1245 138 1296 tarn
162 1253 240 1294 vera
262 1252 353 1315 qnam
376 1231 457 1293 falsa
481 1231 652 1293 cernimus.
698 1232 761 1294 Sed
782 1229 938 1310 probandi
956 1227 1085 1309 'species
1108 1240 1171 1304 est,
1208 1231 1404 1313 percipiendi

72 1327 201 1412 signnm
223 1324 340 1387 nullum
363 1325 549 1388 habemus.'’
584 1328 713 1409 ltaque,
737 1335 772 1386 ut
794 1325 833 1384 ad
854 1343 1003 1386 nauseam
1024 1343 1125 1406 nsque
1148 1324 1317 1403 repetitum
1341 1347 1402 1389 vo·

68 1422 163 1495 lunt,
196 1439 293 1482 verae
323 1424 356 1480 et
382 1418 482 1482 falsae
511 1420 692 1500 phantasiae
720 1429 809 1491 sunt,
834 1418 897 1477 hoc
920 1426 984 1490 est,
1014 1435 1093 1497 quae
1118 1437 1224 1478 veram
1246 1418 1293 1480 rei
1314 1419 1402 1482 simi·

69 1514 237 1578 litudinenr
260 1512 419 1587 referant,
451 1524 482 1575 et
503 1510 584 1595 quae
606 1513 817 1584 mentiantur;
847 1511 935 1591 qraod
956 1521 1062 1571 tamen
1084 1512 1126 1571 ad
1147 1523 1288 1573 nostram
1312 1533 1426 1585 com·x

71 1607 319 1691 prehensionem
342 1606 472 1683 attinet,
496 1607 754 1691 interutrasque
777 1604 854 1668 nihil
875 1603 1026 1679 interest,
1052 1622 1148 1687 qairrm
1171 1603 1248 1666 nihil
1271 1604 1312 1667 sit
1335 1627 1401 1688 qino

75 1723 132 1765 eas
153 1704 193 1763 ab
220 1700 365 1765 invicem
384 1701 625 1784 dignoscamus,
664 1712 716 1762 aut
739 1711 846 1783 notam
867 1696 970 1771 illam,
1007 1718 1070 1781 qaia
1092 1697 1260 1773 differunt,
1287 1699 1402 1763 'Stoici

73 1795 226 1859 indicent.
285 1796 386 1876 Quam
417 1794 542 1885 quidem
576 1794 691 1859 nnllam
714 1803 909 1879 compertam
931 1790 994 1853 illis
1015 1810 1103 1863 esse,
1141 1790 1281 1877 nihilque
1303 1791 1352 1855 ita.
1368 1793 1400 1855 in

75 1888 186 1952 animis
208 1889 328 1952 nostris
350 1889 472 1973 signari
493 1912 510 1952 a
533 1910 614 1953 vero
636 1902 750 1970 posse,
786 1887 874 1969 quod
902 1906 968 1948 non
996 1888 1106 1953 eodem
1138 1887 1234 1947 modo
1256 1885 1361 1967 possit
1383 1906 1403 1948 a

72 1981 179 2057 falso,
216 1981 417 2057 Antiochus,
456 1986 528 2046 diam
553 1985 666 2045 'adhuc
690 1978 892 2056 Academiam
915 1990 1154 2061 propugnaret,
1192 1999 1233 2041 ex
1255 1978 1402 2059 Dionysii

73 2075 308 2149 Heracleotae,
340 2074 395 2160 qui
416 2077 459 2140 ob
480 2077 545 2139 hoc
568 2076 828 2139 Metathemenos
850 2083 898 2135 est
920 2072 1180 2156 cognominatus,
1211 2084 1403 2136 commutata

73 2169 233 2233 sententia
255 2170 394 2250 probare
410 2168 470 2232 sibi
489 2170 668 2232 videbatur.
714 2169 777 2249 Qui
799 2167 879 2230 enim
902 2166 948 2242 is,
974 2165 1000 2228 si
1022 2169 1111 2231 certa
1132 2165 1188 2229 itta
1209 2168 1304 2241 notai,
1329 2168 1402 2229 diam

38 2306 44 2321 ·
75 2253 205 2328 Stoicus
226 2263 307 2337 snit,
331 2273 450 2337 certum
472 2274 504 2324 et
525 2264 786 2343 comprehensum
808 2260 971 2322 habuisset
993 2263 1106 2323 solum
1126 2261 1308 2323 honestum
1328 2250 1422 2325 esse
1467 2262 1471 2270 ’

74 2359 220 2433 bonum,
258 2367 370 2437 postea
401 2356 567 2421 oculorum
598 2357 711 2419 dolore
734 2366 867 2416 vexatus
890 2358 929 2416 ad
952 2352 1204 2435 Cyrenaicorum
1227 2357 1275 2433 (ut
1297 2355 1403 2416 La'e'r·
1468 2355 1475 2360 ’

74 2450 160 2514 tius³
183 2450 324 2530 scribit),
349 2450 402 2512 vel
424 2453 464 2512 ad
485 2449 620 2532 Epicuri
641 2452 689 2527 (ut
713 2447 831 2512 Cicero
840 2448 866 2525 4)
888 2460 996 2530 partes
1019 2447 1192 2511 transiret?
1236 2448 1299 2511 Sed
1319 2447 1401 2511 idem

74 2534 258 2611 Antiochus
280 2566 298 2606 a
320 2566 403 2608 nova
425 2546 458 2607 in
473 2555 615 2607 veterem
634 2540 855 2616 Academiam,
880 2552 914 2602 ut
933 2540 1004 2622 ipse
1031 2540 1174 2617 dicebat,
1199 2541 1266 2605 sive
1294 2542 1402 2624 potius
1440 2545 1446 2553 '

76 2641 119 2702 ad
141 2639 249 2701 Stoam
281 2637 419 2724 migrans
448 2638 542 2712 fecit,
577 2649 613 2699 ut
641 2636 722 2699 idean
752 2646 969 2719 argumentum
999 2635 1243 2698 adversus'eum
1267 2636 1402 2700 cuilibet
1422 2652 1432 2685 s
1456 2642 1465 2651 “
1539 2692 1545 2701 .

75 2752 202 2797 sumere
224 2732 329 2795 liceat.
373 2731 481 2795 Multa
504 2752 585 2815 ergo
607 2728 789 2794 Academici
811 2750 872 2810 pro
895 2750 951 2791 sna
972 2726 1034 2791 hac
1050 2726 1258 2810 acatalepsiae
1276 2730 1402 2793 ratione

76 2837 255 2911 congerunt
276 2838 461 2909 argumenta
480 2825 622 2887 sensibus
645 2823 825 2907 rationique
841 2822 1064 2887 auctoritatem
1081 2824 1294 2901 detrahentia,
1319 2847 1404 2909 qno·

63 2932 147 2983 'rum
163 2920 281 3009 'aliqua
315 2917 536 2983 Tertullianus
564 2929 597 2981 et
625 2920 669 2982 D.
703 2917 924 3002 Augustinus⁵
947 2918 1123 2983 retulerunt
1152 2929 1184 2981 et
1210 2919 1339 2982 solvere
1367 2940 1402 2982 se

76 3015 224 3075 credunt.
249 3010 439 3074 Affehebant
453 3010 669 3075 similitudines
686 3034 823 3091 ovorum
833 3012 858 3087 ⁶,
879 3011 1077 3095 capillorum,
1103 3010 1315 3096 geminorum,
1334 3010 1403 3074 visa

74 3104 297 3169 somniantium
321 3117 351 3168 et
372 3106 566 3168 furiosorum
590 3118 620 3168 et
642 3106 797 3169 eirtsmcdi
819 3105 913 3169 alia⁷.
957 3098 1143 3189 Aristonem
1160 3105 1321 3181 Stoicum,
1347 3104 1402 3189 qui
1443 3128 1450 3145 ²

77 3198 220 3262 Stoicum
239 3201 360 3283 dogma
389 3198 468 3261 illud
489 3198 566 3260 nihil
589 3200 790 3280 opinaturum
814 3200 986 3281 sapientem
1010 3202 1216 3263 vehementer
1239 3220 1401 3264 commen·
1481 3242 1485 3257 .

75 3294 170 3355 dabat
192 3305 222 3355 et
244 3290 452 3367 defendebat,
477 3293 522 3355 sie
545 3314 563 3354 a
586 3295 727 3357 Persaeo
750 3314 787 3355 re
809 3293 877 3374 ipsa
890 3292 1080 3357 ‘convictum
1101 3297 1249 3367 tradunt3
1274 3292 1401 3359 narravit

75 3385 158 3448 enim
181 3386 233 3448 hic
253 3398 288 3449 ui
310 3409 350 3448 ex
370 3389 497 3449 dnobus
519 3386 682 3449 simillimis
705 3387 838 3471 geminis
859 3387 1014 3449 fratribus
1038 3387 1118 3449 alter
1140 3387 1302 3467 pecuinam
1318 3387 1402 3470 apud

74 3477 261 3544 Aristonem
291 3483 484 3562 deponeret,
520 3483 600 3543 alter
622 3492 799 3563 repeteret,
839 3503 932 3566 qnam
965 3480 1098 3556 Aristo,
1123 3480 1324 3544 similitudine
1346 3484 1401 3543 de·

74 3584 208 3656 ceptus,
232 3575 277 3650 ei,
303 3575 356 3659 qui
378 3597 443 3638 non
465 3577 677 3656 deposuerat,
702 3575 852 3639 restituit.
876 3574 1140 3649 ,Omniaautem
1164 3579 1242 3637 haec
1263 3574 1320 3655 (ait
1344 3572 1403 3639 Ci-

74 3669 446 3749 cerosslproieruntur,
479 3679 513 3731 ut
539 3669 617 3731 illud
640 3668 823 3745 efficiatur,
849 3691 914 3754 quo
941 3668 1059 3731 certius
1082 3668 1159 3731 nihil
1181 3678 1288 3750 potest
1310 3689 1398 3744 esse,

73 3764 167 3828 Inter
190 3762 257 3825 visa
273 3782 355 3826 -vera
381 3774 411 3826 et
432 3763 516 3826 salsa
538 3766 576 3825 ad
599 3763 692 3824 animi
715 3785 877 3827 assensum
902 3760 1159 3825 nihil-interesse.
1204 3764 1277 3825 Vos
1299 3773 1401 3823 etitem

4 3924 8 3935 ‚
73 3856 152 3919 nihil
169 3856 280 3940 agitis,
305 3879 400 3940 quum
415 3857 495 3919 salsa
519 3857 572 3919 illa
592 3857 644 3919 vel
658 3856 857 3921 furiosorum
874 3858 926 3920 vel
941 3856 1162 3921 somniantium
1178 3856 1405 3925 recordatione,
1443 3922 1449 3931 ,

71 3950 219 4032 ipsorum
241 3951 400 4017 refellitis.
447 3953 521 4014 Non
543 3951 624 4014 euim
640 3950 672 4013 id
694 3952 875 4034 quaeritur,
900 3951 999 4033 qualis
1013 3951 1197 4014 recordatio
1216 3952 1285 4015 fieri
1300 3952 1402 4015 soleat

74 4063 207 4120 eorum,
245 4045 300 4128 qui
322 4044 502 4126 experrecti
532 4056 622 4120 stant,
658 4055 712 4106 aut
733 4065 863 4120 corum,
898 4044 961 4129 qrii'
974 4045 1083 4107 furere
1106 4038 1325 4122 destiterunt,
1345 4047 1402 4139 sed

73 4137 179 4237 qualis
210 4138 292 4202 visio
315 4137 412 4201 interit
434 4130 487 4201 aut
507 4138 678 4201 furentium
702 4153 756 4202 ant
777 4139 1000 4202 somniantium
1022 4151 1106 4213 tum,
1140 4162 1234 4223 qrrum
1258 4161 1402 4204 commo·
1426 4158 1428 4163 ’

74 4232 266 4295 vehantur.''
311 4234 456 4316 Namque
478 4254 574 4316 quum
597 4232 681 4297 visio
703 4236 829 4308 aderat,
861 4254 953 4315 quam
978 4232 1103 4295 Stoicus
1125 4232 1237 4296 salsam
1260 4233 1398 4306 iudicat,

4 4374 6 4389 .
73 4325 274 4390 Academico
297 4348 361 4391 non
384 4327 509 4411 quidem
530 4328 704 4409 probatus,
741 4326 818 4391 nihil
840 4328 1008 4397 differebat
1030 4349 1048 4390 a
1070 4348 1166 4403 vera,
1192 4326 1342 4412 quamdiu
1363 4346 1400 4388 ea

75 4416 241 4482 afficimur.
288 4418 387 4501 Qudd
409 4420 436 4483 si
457 4443 515 4484 nec
537 4433 649 4503 postea
672 4420 773 4484 visum
795 4421 827 4484 id
845 4432 1025 4503 suspectum
1047 4423 1254 4495 redderetur,
1279 4441 1338 4482 nee
1360 4421 1401 4481 ab

70 4652 74 4657 ι
152 4623 190 4689 (¹)
209 4627 240 4676 in
258 4622 375 4676 Lucullo
394 4625 426 4677 C.
446 4625 492 4683 34.
543 4623 581 4698 (2)
612 4622 898 4681 animationis.
949 4624 987 4692 (³)
1007 4625 1037 4677 in
1056 4622 1402 4688 Herillo.bib.7,167.

73 4696 117 4765 (⁴)
134 4702 165 4751 in
189 4698 306 4753 Lucullo
339 4701 371 4755 C.
401 4705 447 4757 22.
495 4699 534 4767 (⁵.)
565 4699 681 4754 Tertull.
708 4699 759 4753 lib.
788 4698 822 4752 de
843 4703 946 4753 anima.
968 4716 1029 4773 cap.
1051 4705 1096 4757 17.
1115 4702 1150 4755 D.
1170 4701 1285 4772 August.
1304 4697 1353 4750 lib.
1373 4704 1401 4758 5.

73 4787 174 4828 contra
193 4773 278 4830 Acad.
329 4774 367 4843 (⁶)
386 4777 427 4828 Ex
446 4778 501 4829 boc
523 4779 706 4848 Hermagorae
727 4776 815 4829 Stoici
835 4771 905 4851 περὶ
931 4777 1109 4849 concursione
1129 4770 1207 4850 πρὸς
1222 4769 1294 4838 τοὺς
1311 4773 1402 4830 Ann—
1509 4773 1519 4793 ‘

74 4844 248 4925 ὅημαῗκθυς
268 4848 379 4924 dialogo
400 4851 497 4904 titulus
518 4848 606 4904 factus
627 4849 801 4920 ὡοσκοπία,
828 4849 936 4915 idest,
969 4867 1082 4904 ovorum
1104 4855 1243 4921 inspectio
1263 4853 1319 4903 sice
1339 4846 1403 4902 exa'-

74 4927 205 4977 minatio.
234 4923 341 4982 suidas.
391 4925 430 5002 (7)
450 4925 519 4980 Vide
546 4927 582 4985 D.
609 4925 724 4980 Hieron.
749 4924 784 4980 ad
803 4925 965 4982 Pammaeh.
985 4923 1019 4981 de
1037 4923 1154 4981 errorib.
1175 4926 1273 4981 Ichan.
1293 4940 1346 4980 eet·
1366 4924 1402 4982 ad
1445 4919 1453 4936 ¹

73 4997 142 5054 libri
162 4997 255 5056 finem.
294 5000 331 5075 (⁸)
352 5001 566 5057 intuendae.
587 5008 633 5065 28.
