3188 5492
185 403 249 475 tue
419 402 483 489 on
506 400 693 468 ammos
716 401 956 469 uonouuu
978 404 1040 466 aa·
1064 362 1312 477 nraiouuru
1380 395 1385 405 ’

77 622 81 631 ¹
184 545 347 630 copiosius
366 544 508 619 alantur,
532 544 671 628 quamsi
690 554 795 609 essent
807 544 948 621 liberae,
970 543 1241 631 sacilepatitmtar
1258 566 1329 617 sese
1345 546 1526 626 contineri3

99 718 102 725 ‚
186 651 356 724 motusque
377 639 502 702 solutos
517 651 548 702 et
567 660 669 724 vagos
684 661 702 701 a
719 650 829 703 natura
846 639 906 703 sibi
927 638 1066 703 tributos
1082 641 1263 724 requirunt.
1309 640 1367 705 tt.
1393 645 1526 727 ltaque,

184 734 370 821 utquisque
396 733 515 815 optime
540 745 632 796 natus
652 733 876 817 institutusque
895 746 962 809 est,
997 755 1068 798 csse
1091 737 1221 800 omnino
1239 736 1321 799 nolit
1340 735 1373 798 in
1392 735 1485 811 vita,
1508 738 1530 801 si

185 829 334 918 gerendis
349 827 487 912 negotiis
506 830 655 903 orbatus,
681 828 784 910 possit
794 828 999 910 paratissimis
1014 829 1099 893 vesei
1115 831 1352 917 voluptatibus.
1379 833 1469 894 Nam
1482 845 1530 896 aut

108 944 113 949 ·
186 922 338 1007 privatim
351 922 470 1009 aliquid
482 942 598 1004 gerere
609 922 730 985 malunt
738 944 747 985 a
771 935 836 998 aut,
851 923 905 1006 qui
919 922 1033 987 altiore
1043 922 1150 988 animo
1162 939 1246 1003 stent,
1273 937 1454 1008 capessunt
1466 949 1528 1005 rem

185 1017 346 1101 publicam
366 1017 550 1080 *honoribus
575 1015 781 1099 imperiisque
805 1014 1033 1098 adipiscendis,
1059 1030 1114 1081 aut
1129 1029 1218 1085 totos
1238 1042 1274 1084 se
1288 1025 1330 1083 ad
1349 1022 1466 1107 studia⁸
1478 1025 1530 1084 do·

122 1188 124 1199 1
184 1112 305 1175 ctrinae
320 1110 502 1175 conserunt.
549 1112 620 1187 Qua
632 1110 664 1172 in
680 1112 744 1173 vita
760 1122 880 1174 tantum
893 1114 1001 1189 abest,
1026 1125 1062 1176 ut
1075 1114 1260 1197 voluptates
1276 1129 1527 1197 consectentur,

185 1207 280 1271 stiam
294 1225 405 1281 curas,
429 1203 675 1280 sollicitudines,
702 1204 828 1290 vigilias
849 1206 1037 1288 perierunt:
1062 1208 1248 1293 optimaque
1265 1224 1360 1291 parte
1377 1211 1528 1288 bominis,

185 1300 309 1386 qitaein
326 1298 416 1360 nobis
430 1298 533 1389 diuina
554 1301 696 1362 ducenda
711 1306 778 1373 est,
802 1298 921 1386 ingenii
931 1313 963 1363 et
981 1301 1094 1364 tuentis
1110 1303 1177 1366 acie
1193 1304 1373 1380 fruuntur,
1394 1326 1460 1366 nee
1475 1325 1529 1367 ro·

108 1422 112 1429 ⁴
185 1397 338 1478 luptatem
350 1393 563 1478 requirentes,
581 1393 810 1478 aecingieutes
822 1396 981 1485 laborem.
1006 1398 1076 1458 Nee
1090 1419 1169 1462 vero
1181 1397 1396 1461 intermittunt
1409 1407 1469 1460 aut
1481 1399 1530 1460 ad·

184 1490 382 1553 mirationem
396 1506 503 1550 earum
519 1508 646 1561 rerum,
664 1509 745 1570 quae
760 1502 834 1551 sunt
846 1492 886 1552 ab
898 1491 1035 1574 antiquis
1048 1505 1212 1573 repertae,
1231 1505 1286 1556 aut
1299 1492 1530 1576 investigatio·

185 1605 257 1647 nem
272 1602 428 1646 nouarum
438 1603 448 1642 r
460 1603 537 1665 ‚quo
553 1582 660 1646 studio
675 1602 772 1665 quum
790 1584 898 1647 satiari
912 1605 977 1647 non
997 1589 1164 1667 possunt¹,
1189 1586 1329 1650 omnirun
1345 1599 1528 1650 ceterarum

184 1700 292 1742 renim
316 1676 426 1750 obliti,
451 1676 529 1741 nihil
551 1677 725 1751 abiectum,
757 1676 973 1741 nihilhumile
996 1679 1158 1764 cogitant:
1183 1692 1333 1764 tantaque
1348 1693 1401 1743 est
1414 1681 1469 1744 vis
1482 1693 1527 1743 ta-

179 1773 271 1836 libus
291 1771 323 1834 in
345 1770 477 1845 studiis,
512 1782 548 1833 ut
570 1791 628 1834 eos
650 1770 761 1847 etiam,
787 1770 848 1853 qui
865 1771 926 1834 sibi
948 1771 1028 1835 alios
1050 1786 1293 1854 proposuerunt
1315 1774 1405 1836 fines·
1425 1777 1527 1838 bono·

186 1889 277 1942 rtrm,
307 1885 391 1948 quos
413 1864 569 1941 utilitate,
593 1877 648 1928 arat
670 1866 835 1947 voluptate
858 1865 1017 1951 dirigunt,
1042 1867 1201 1930 tamenin
1223 1869 1341 1930 rebrat
1366 1891 1527 1952 quaereu-

185 1963 234 2026 dis
255 1959 517 2044 explicandisque
540 1960 660 2023 naturis
683 1970 802 2022 aetates
824 1970 993 2023 conterere
1015 1958 1190 2023 videamus.
1254 1988 1271 2039 y·

268 2052 371 2118 XXI.
394 2054 447 2129 58.
472 2054 566 2137 Ergo
588 2054 652 2117 hoc
673 2054 801 2138 quidem
824 2063 977 2134 apparet,
1002 2070 1062 2117 nos
1083 2056 1123 2118 ad
1144 2046 1300 2136 agendum
1323 2076 1396 2119 esse
1421 2067 1524 2120 natos.

184 2151 362 2233 Actionem
382 2160 484 2211 auteur
507 2168 625 2231 genera
647 2149 760 2229 plura,
783 2157 819 2209 ut
840 2149 1053 2211 obscurentur
1075 2149 1170 2211 etiam
1194 2150 1317 2212 minora
1332 2149 1523 2213 maioribus.

184 2242 350 2316 Maximae
373 2254 477 2306 autem
501 2252 592 2315 sunt,
624 2241 785 2321 primum,
806 2253 840 2305 ut
863 2242 938 2305 milri
960 2244 1087 2327 quidem
1111 2240 1238 2319 uidetur
1268 2256 1299 2307 et
1316 2244 1418 2321 his³,
1446 2247 1526 2329 quio-

182 2361 254 2402 rum
276 2359 359 2401 nrrne
380 2336 413 2400 in
434 2334 559 2400 ratione
583 2357 764 2412 versamur,
790 2336 1005 2400 consideratio
1026 2337 1260 2422 cognitioquet
1276 2356 1398 2400 rerum
1418 2339 1522 2400 caele·

183 2431 277 2494 stium
311 2442 343 2493 et
371 2444 498 2503 earum,
534 2450 613 2513 quies
644 2452 661 2492 a
693 2441 806 2493 uatttrs
836 2430 1011 2493 occultatas
1041 2443 1073 2495 et
1102 2433 1236 2494 latentes
1258 2431 1416 2515 indagare
1441 2432 1522 2495 ratio

183 2532 315 2607 potest:
340 2522 449 2586 deinde
471 2525 800 2606 rerumpublicarum
822 2518 1063 2600 administratio,
1089 2536 1142 2588 aut
1165 2524 1408 2588 administrandi
1423 2524 1530 2587 scieuae

185 2619 249 2682 tia:
271 2631 337 2681 tum
358 2617 543 2700 prudens⁵,
569 2630 764 2700 temperata,
787 2618 884 2682 fortis
906 2629 938 2689 et
958 2618 1042 2681 iusta
1062 2617 1164 2695 ratio,
1188 2618 1405 2703 reliquaeque.
1424 2618 1523 2681 virtu·

164 2721 233 2777 'tes
252 2725 285 2777 et
306 2712 446 2776 artiones
467 2712 640 2776 virtutibus
652 2723 895 2798 'congruentem
908 2732 1084 2796 quaeuno
1100 2711 1382 2793 verboeomplexi
1393 2712 1521 2786 omnia,

145 2802 148 2813 .
183 2807 317 2870 honesta
333 2805 483 2870 dicimus:
509 2810 698 2893 adquorum
716 2808 770 2869 att
783 2802 1002 2890 cognitionem
1015 2816 1050 2869 et
1060 2827 1169 2883 ustum,
1190 2805 1518 2882 iamtcorroboaati,

182 2912 295 2965 nabere
311 2900 380 2984 ipsa
394 2913 587 2984 praeeunte,
613 2902 811 2966 deducimur.
851 2899 1000 2965 Omnium
1015 2899 1099 2962 enim
1116 2920 1222 2961 rentum
1241 2898 1398 2982 principia
1421 2920 1526 2980 parva.

184 3007 276 3071 sunt,
301 2997 357 3059 sed
371 2995 434 3057 suis
457 2984 743 3078 progressionibus
763 2994 842 3058 usa⁸
861 3006 1038 3078 augentur:
1062 3014 1121 3056 nec
1138 2994 1206 3057 sine
1225 3012 1338 3069 causa;
1362 2993 1394 3081 iq
1414 2993 1519 3076 primo

74 3160 80 3167 ,
176 3087 265 3155 *euim
279 3100 351 3152 ortu
363 3088 445 3169 inest
457 3088 630 3169 renuitas?
644 3102 676 3153 et
687 3089 836 3197 mollities
848 3091 1012 3174 quaedam,
1030 3100 1065 3150 ut
1075 3108 1134 3151 nec
1145 3109 1198 3151 res
1210 3087 1319 3151 ridere
1329 3084 1474 3169 optimas
1484 3088 1517 3161 ¹⁰,

115 3228 123 3235 ‚
182 3205 243 3248 nee
265 3204 361 3268 agere
392 3182 531 3265 possint.
586 3184 724 3247 Virtutis
747 3205 830 3247 enun
852 3186 1026 3267 beataeque
1047 3181 1152 3258 vitae,
1189 3204 1271 3266 quae
1293 3185 1357 3245 duo
1382 3182 1518 3244 maxima

139 3348 144 3355 ,
183 3280 362 3362 expetenda
384 3291 474 3354 sunt,
511 3278 612 3342 serius
635 3280 915 3360 luruen'apparetz
935 3278 1054 3340 multo
1075 3279 1169 3340 etiam
1190 3276 1312 3352 serius,
1347 3289 1384 3339 ut
1405 3279 1515 3359 plane,

182 3373 287 3458 qtralia
309 3372 389 3448 sint,
412 3371 645 3457 intelligantur.
698 3373 871 3438 Pra'eclare
892 3369 976 3435 enim
999 3371 1115 3436 Plato:
1145 3374 1311 3447 Beutmn,
1332 3371 1393 3434 emi
1415 3372 1519 3434 etiam

182 3467 219 3530 in
239 3477 411 3555 seqectute
439 3466 645 3550 eontigerit,
683 3479 723 3531 ut
755 3465 962 3550 sapientiam
991 3484 1157 3549 uerasque
1179 3465 1359 3548 opiniones
1381 3465 1520 3550 miseqssi

181 3560 313 3637 possit!
336 3561 467 3642 Quiane,
491 3561 640 3647 quoniam
662 3561 702 3624 de
723 3559 834 3644 primis
857 3571 988 3621 naturae
1010 3556 1186 3623 commodis
1195 3562 1219 3598 ¹¹
1236 3559 1311 3621 satis
1326 3560 1455 3621 dietum
1466 3569 1519 3636 est,

124 3706 127 3711 .
181 3674 266 3718 nune
287 3656 326 3741 de
347 3654 523 3718 maioribus
546 3657 878 3740 consequentibusque
900 3654 1074 3716 videamus.
1108 3653 1162 3718 59.
1185 3654 1308 3716 Natura
1331 3652 1519 3736 igiturcor·

181 3769 242 3832 pus
265 3748 391 3833 quidem
413 3748 548 3812 hominis
572 3746 672 3812 sicet
694 3749 820 3834 genuit,
858 3758 890 3811 et
910 3747 1082 3823 formarit,
1118 3759 1152 3811 ut
1174 3748 1234 3810 alia
1256 3747 1288 3810 in
1310 3750 1520 3832 primo-ortu

181 3841 370 3924 perliceret,
395 3843 455 3904 alia
476 3843 705 3926 progrediente
719 3852 829 3906 'aetate
851 3842 1044 3928 fingeret123
1067 3860 1172 3927 neque
1186 3863 1262 3904 sane
1278 3842 1419 3906 misltum'
1431 3848 1519 3909 adiu·

182 3933 296 3997 mentis
317 3937 458 3998 externis
486 3939 517 3999 e't
547 3935 732 3999 adventiciis
754 3948 913 4000 uteretur.
964 3930 1241 3999 Animumautem
1264 3938 1395 4023 reliquis
1419 3944 1517 4002 rebus

183 4026 227 4089 ita
255 4028 408 4108 perfecit,
441 4041 475 4091 ut
502 4051 635 4111 corpus.
695 4030 847 4092 Sensibus
877 4030 958 4092 enim
991 4030 1119 4094 ornavit
1147 4033 1187 4093 ad
1220 4052 1270 4099 res
1292 4031 1519 4114 percipiendas

186 4126 1510 4147 -......................................,....................-.

182 4163 305 4219 defendit
326 4168 381 4231 G.,
400 4163 448 4218 sed
461 4165 589 4238 equidem
608 4182 660 4238 ego
680 4152 833 4238 suspicioni
846 4171 975 4220 resistere
994 4184 1051 4219 uon
1064 4171 1154 4239 potui,
1167 4181 1259 4219 ortum
1274 4167 1521 4229 essehoevocab.,
1568 4204 1571 4210 ·

182 4257 268 4312 aeque
288 4235 373 4311 dra}
390 4236 552 4318 λεγόμενον
571 4243 625 4294 hoc
645 4258 748 4305 seusu,
767 4255 851 4312 atque
870 4241 989 4295 mserum
1008 4243 1194 4308 sessiuncula,
1213 4259 1228 4299 e
1250 4239 1415 4313 stupiditate
1436 4244 1522 4298 libra-
1580 4318 1585 4327 .

78 4360 82 4365 ,
181 4321 308 4385 riorum,
326 4321 376 4389 qui
396 4317 515 4367 circulos
533 4333 585 4388 pro
605 4311 697 4388 liguris
717 4317 923 4370 mathematicis
944 4317 1085 4373 haberent.

255 4390 296 4465 (t)
313 4420 352 4433 —
375 4397 486 4462 possint
512 4393 598 4446 Mars.
625 4394 691 4445 Ero.
718 4402 743 4450 1.
790 4389 828 4466 (2)
847 4407 885 4444 co
904 4411 998 4444 rerum
1017 4394 1052 4446 D.
1072 4409 1145 4465 susp.
1167 4391 1247 4465 proh.
1267 4392 1335 4446 Ero.
1355 4391 1408 4466 (η
1428 4398 1462 4444 in
1479 4412 1522 4466 qu.

182 4484 277 4519 rerum
295 4466 418 4537 explsn.
439 4467 475 4521 G.
496 4465 583 4541 susp.)
621 4466 660 4542 (Ξ)
679 4482 716 4520 Ν
735 4471 772 4517 iis
790 4469 832 4521 Μ.
854 4469 884 4521 L.
907 4471 939 4523 D.
962 4479 986 4525 l·
1013 4466 1051 4543 (⁴)
1071 4471 1119 4524 sie
1139 4468 1181 4525 Μ.
1203 4468 1235 4523 L.
1255 4469 1290 4520 D.
1313 4476 1336 4523 1.
1356 4485 1398 4520 cte
1416 4475 1523 4538 cogni-

180 4548 258 4595 tiove
279 4543 319 4595 Iu.
339 4541 385 4594 Cr.
407 4546 441 4595 V.
463 4542 498 4596 G.
519 4549 544 4596 9.
564 4542 614 4595 eir.
635 4545 716 4596 Beier
734 4540 827 4614 Offie.
847 4544 879 4595 T.
902 4554 928 4600 1.
949 4562 976 4615 p.
997 4548 1062 4605 boi·
1081 4573 1118 4587 —
1136 4543 1381 4611 cogitatisve‘cd.
1403 4545 1467 4598 Mo.
1485 4568 1523 4587 -—

181 4622 343 4686 cognitione
363 4619 393 4670 P.
413 4622 645 4685 -eogitationr
664 4617 715 4673 ed.
737 4618 887 4690 saligni,
906 4624 967 4690 ipse
987 4619 1088 4694 prob,
1108 4623 1163 4671 nisi
1184 4619 1258 4692 apud
1278 4620 1360 4673 Grut.
1382 4640 1463 4673 error
1482 4635 1523 4675 cst

182 4708 292 4766 typogr.
312 4709 362 4764 pro
388 4692 453 4745 leet.
483 4689 533 4745 cd.
555 4695 614 4746 Μο.
664 4691 701 4766 (⁵)
722 4695 769 4746 Sic
789 4693 859 4747 Cdd.¹
878 4695 959 4765 aliq,
981 4700 1066 4748 etiam
1085 4695 1145 4747 Mo.
1167 4692 1261 4767 (prob.
1282 4691 1375 4767 Mari.)
1398 4700 1433 4749 l).
1455 4697 1522 4748 Lati.

183 4764 220 4821 G.
242 4775 268 4821 2,
289 4776 394 4817 —.aut
412 4767 633 4819 administrandi
650 4769 807 4840 retrusitque
822 4770 947 4840 precedens
967 4772 1076 4834 Ceteri,
1094 4775 1178 4823 etiam
1202 4771 1234 4823 L.
1257 4779 1283 4827 1.
1302 4768 1341 4844 (⁶)
1362 4785 1432 4825 cum
1451 4770 1521 4824 Cdd.

113 4901 116 4907 ⁵
183 4845 219 4894 G.
241 4847 267 4895 2.
286 4870 324 4885 -
343 4847 428 4894 etiam
446 4843 549 4896 Ceteri.
587 4841 626 4917 (⁷)
645 4863 758 4898 ——om.
778 4847 887 4908 iamV.
927 4844 966 4919 (8)
986 4872 1020 4888 -
1039 4850 1089 4898 russi
1110 4847 1140 4898 L.
1180 4842 1219 4919 (⁹)
1240 4845 1287 4897 Sic
1307 4845 1352 4897 Cr.
1376 4848 1409 4898 V.
1429 4847 1468 4900 L.
1488 4847 1522 4899 D.

183 4923 211 4973 1.
238 4920 264 4969 2.
289 4945 328 4957 -
346 4923 493 4968 teneritas
517 4917 589 4991 edd.
614 4919 678 4990 aliq.
706 4921 737 4973 P.
764 4921 799 4973 G.
827 4919 874 4972 sed
895 4921 956 4974 ride
977 4923 1042 4975 Sela.
1094 4919 1144 4994 (¹⁰)
1163 4948 1204 4963 —-
1220 4920 1345 4971 immines
1362 4923 1433 4975 Ean.
1454 4928 1522 4977 mitt

182 5008 257 5065 susp.
286 4987 349 5065 (Ἠ)
367 5020 406 5035 ··-
424 5008 582 5075 suspectum
601 4995 669 5050 Ero.
692 5015 715 5050 e.
735 4997 895 5049 commodis.
933 4996 945 5070 (
950 4996 984 5064 1²)
1001 5018 1041 5041 ·-··
1060 4996 1276 5071 qffiugeret'G.
1297 5015 1371 5071 susp.
1420 5067 1442 5095 a
1533 4975 1542 4995 .
